@article{MacKinnon1996, 
    author = {MacKinnon, James G.},
    journal = {Journal of Applied Econometrics},
    number = {6},
    pages = {601--618},
    title = {Numerical Distribution Functions for Unit Root and Cointegration Tests},
    volume = {11},
    year = {1996}
}

@book{EndersTS,
  author={Walter Enders},
  title={Applied Econometric Time Series},
  edition={3},
  publisher={Wiley},
  year={2010}
}

@Book{varsb,
  title = {Analysis of Integrated and Cointegrated Time Series with R},
  author = {B. Pfaff},
  publisher = {Springer},
  edition = {Second},
  address = {New York},
  year = {2008},
}

@article{EG1987,
  author = {R. F. Engle and C. W. Granger},
  title = {Co-integration and error correction representaiton, estimation and testing},
  journal = {Econometrica},
  volume = {55},
  number = {2},
  year = {1987},
  pages = {251 - 276},
}

@article{KPSS,
  author = {D. Kwiatkowski and P. C. B Phillips and P. Schmidt and Y. Shin}, 
  title = {Testing the null hypothesis of stationarity against the alternative of a unit root: How sure are we that economic time series have a unit root?},
  journal = {Journal of Econometrics},
  volume = {54},
  pages = {159 - 178},
  year = {1992},
}

@book{Fuller1976,
  author = {W.A. Fuller},
  title = {Introducton to Statistical Time Series},
  year = {1976},
  publisher = {John Wiley and Sons, New York},
}

@article{DF1979, 
  author = {D.A. Dickey and W.A. Fuller}, 
  year = {1979}, 
  title = {Distribution of the estimators for autoregressive time series with a unit root}, 
  journal = {Journal of the American Statistical Association}, 
  volume = {74}, 
  pages = {427 - 431},
}

@article{DF1981, 
  author = {D.A. Dickey and W.A. Fuller}, 
  year = {1981}, 
  title = {Likelihood ratio statistics for autoregressive time series with a unit root}, 
  journal = {Econometrica}, 
  volume = {49}, 
  pages = {1057 - 1072},
}
