@book{FriedmanPositive,
  author={M. Friedman},
  title={The Case for Flexible Exchange Rates},
  publisher={University of Chicago Press},
  year={1953},
  booktitle={Essays in Positive Economics},
  pages={157-203},
}

@article{Sims1990Unit,
  author={Chris Sims & James Stock & Mark W. Watson},
  title={Inference in Linear Time Series Models with some Unit Roots},
 journal={Econometrica},
 volume={58},
 pages={113-44},
 year={1990},
}
  

@misc{cot,
  title={US Commidity Futures Trading Commission: COT},
  url={http://www.cftc.gov/marketreports/commitmentsoftraders/index.htm},
  year={2012},
}
 
@misc{BISbanking,
  title={BIS Location Banking Statistics},
  url={http://www.bis.org/statistics/bankstats.htm},
  year={2012},
}

@misc{TIC,
  title={Treasury International Capital (TIC) System},
  url={http://www.treasury.gov/resource-center/data-chart-center/tic/Pages/index.aspx},
  
  year={2012},
 }

@misc{website:bisdata,
title={BIS Statistics},
url={http://www.bis.org/statistics/index.htm},
year={2012},
}

@misc{website:imfportfolio,
 title={Coordinated Portfolio Investment Survey},
 url={http://cpis.imf.org/},
 year={2012},
}


@misc{website:worldbankdebt,
  title={World Bank Quarterly External Debt Statistics},
  url={http://web.worldbank.org/datastatistics/extdecqeds},
  year={2012},
}  

@article{Devereux2011Portfolio,
  author={Michael B. Devereux and Alan Southerland},
  title={Country Portfolios in Open Economy Macro Models},
  journal={Journal of the European Economic Association},
  volume={9},
  number={2},
  pages={337-369},
 year={2011},
}

@article{CordenNeary,
  author={WM Corden, JP Neary},
  title={Booming Sector and De-Industrialisation in a Small Open Economy},
  journal={The Economic Journal},
  volume={92},
  number={Dec},
  year={1982},
  pages={825-848},
}

@article{Evans2012Capital,
  author={Martin D.D. Evans},
  title={International Capital Flows and Debt Dynamics},
  journal={IMF Working Paper},
  number={175},
  year={2012},
}

@article{StLouisFed,
  author={Leonall C. Andersen, Jerry L. Jordan},
  title={Monetary and Fiscal Actions: A Test of their Relative Importance in Economic Stabilizations},
  journal={Federal Reserve Bank of St. Louis Review},
  year={1968},
  pages={11-24},
}

@article{GrangerCause,
  author={Granger, C.W.J},
  title={Investigating Causal Relationships by Econometric Models and Cross-spectral Methods},
  journal={Econometrica},
  volume={37},
  number={3},
 pages={424-438},
 year={1969},
}

@book{Green,
  author={William H. Green},
  title={Econometric Analysis},
  publisher={Prentice Hall},
  year={2003},
}

@book{HarveyTSM,
 author={Andrew C. Harvey},
 title={Time Series Models},
 publisher={Pearson},
 year={1993),
 }

@article{HauEquity,
  author={Harald Hau, Helene Rey},
  title={Exchange Rates, Equity Prices, and Capital Flows},
  journal={The Review of Financial Studies},
  volume={19},
  number={1},
  year={2006},
}

@article{BoEdata,
  author={Chris Kubelec, Filipa Sa},
  title={The Geographical Composition of National External Balance Sheets: 1980-2005},
  journal={Bank of England Working Paper},
  number={384},
  year={2010},
}

@articleP{Lane2007,
 author={Lane, Philip R.  and Gian Maria Milesi-Ferretti},
 title={The External Wealth of Nations Part 2: Revised and extended estimates of foreign assets and liabilities 1970-2004},
  year={2007},
  journal={Journal of International Economics},
  pages={223-250},
  Volume={73},
  number={2},
}

@article{Lane2001,
  author={R. Lane},
  title={The New Open Economy Macroeconomics: A Survey},
  journal={Journal of International Economics},
  volume={54},
  number={2},
  year={2001},
  pages={235=266},
}

@book{EndersTS,
  author={Walter Enders},
  title={Applied Econometric Time Series},
  edition={3},
  publisher={Wiley},
  year={2010}
}

@article{Branson1971,
  author={W. H. Branson, R.D. Hill},
  title={Capital Movements in the OECD Area},
  journal={OECD Economic Outlook},
  volume={Occasional Studies},
  year={1971},
}

@book{Branson1968,
   author={W.H. Branson},
  title={Financial Capital Flows in the US Balance of Payments},
  publisherl={Amsterdam},
  place={North Holland},
  year={1968},
}

@article{Kahneman1979Prospect,
    author = {Kahneman, Daniel and Tversky, Amos},
    journal = {Econometrica},
    number = {2},
    pages = {263--291},
    title = {Prospect Theory: An Analysis of Decision under Risk},
    volume = {47},
    year = {1979}
}

@article{Fedtwi,
  author={Lorentan, Mico},
  title={Indexes of the Foreign Exchange Value of the Dollar},
  year={2005},
  journal={Federal Reserve Bulletin}
  number={Winter}

@article{Siourounis2004Capital,
     author = {Siourounis, Gregorios},
     journal = {Social Science Research Network Working Paper Series},
    title = {Capital Flows and Exchange Rates: An Empirical Analysis},
    year = {2004},
}

@book{Hamilton,
  title={Time Series Analysis},
  author={James D. Hamilton},
  publisher={Princton University Press},
  year={1994},
} 

@article{RogoffJournal,
  title={The Purchasing Power Parity Puzzle},
  author={Kenneth Rogoff},
  journal={The Journal of Economic Literature},
  volume={34},
  year={1996},
  pages={647-648},
}

@article{Obstfeld1995Redux,
  title={Exchange Rate Dynamics Redux},
  author={M. Obstfeld and K. Rogoff},
 journal={The Journal of Political Economy},
 volume={103},
 number={3},
  year={1995},
 pages={624-660},
}

@article{Bilson1978Money,
  title={The Monetary Approach to the Exchange Rate: Some Empirical Evidence},
  author={John F. Bilson},
  year={1978},
  journal={IMF Staff Papers}
  volume={25},
  number={1},
}

@article{TaylorPPP,
  title={Purchasing Power Parity},
  author={Mark P. Taylor},
  journal={Review of International Economics},
  volume={11},
  year={2003},
  pages={436-452},
 }

@article{BoxCox,
  title={An Analysis of Transformations},
  author={George E. P. Box and D. R. Cox},
  journal={Journal of the Royal Statistical Society},
  year={1964},
  volume={26},
  number={2},
  pages={211-252},
}

@Book{varsb,
  title = {Analysis of Integrated and Cointegrated Time Series with R},
  author = {B. Pfaff},
  publisher = {Springer},
  edition = {Second},
  address = {New York},
  year = {2008},
  note = {ISBN 0-387-27960-1},
  url = {http://www.pfaffikus.de},
}


@Article{varsa,
  title = {VAR, SVAR and SVEC Models: Implementation Within {R} Package {vars}},
  author = {Bernhard Pfaff},
  journal = {Journal of Statistical Software},
  year = {2008},
  volume = {27},
  number = {4},
  url = {http://www.jstatsoft.org/v27/i04/},
}  

@Manual{R,
    title = {R: A Language and Environment for Statistical Computing},
    author = {{R Development Core Team}},
    organization = {R Foundation for Statistical Computing},
    address = {Vienna, Austria},
    year = {2012},
    note = {{ISBN} 3-900051-07-0},
    url = {http://www.R-project.org/},
  }

@article{Liu1960Identification,
	author={T.C. Liu},
	title={Under-Identification, Structural Estimation and Forecasting},
	journal={Econometrica},
	vol={28},
	pages={855-865},
	year={1960}
}

@book{Frankel1984tests,
	author={Frankel, J.A.},
	title={Tests of Monetary and Portfolio Balance models of Exchange Rate Determination},
	booktitle={Exchange Rate Theory and Practice},
	year={1984},
	pages={239-260},
	publisher={University of Chicago Press},
	editor={Bilson, J.F.O. Marston, R.C.},

@book{maureen1998market,
  title={Market Microstructure Theory},
  author={Maureen O'Hara},
  isbn={9780631207610},
  lccn={94028078},
  series={Blackwell Business},
  year={1998},
  publisher={Blackwell Business}
}

@article{Lyons1995Microstructure,
	author={R. Lyons},
	title={Tests of the microstruture hypothesis in the foreign exchange market},
	journal={Journal of Financial Economics},
	year={1995},
	volume={39},
	pages={321-351},
	number={2-3},
}

@article{Evans2002Order,
	 author = {M. D. Evans and R.K. Lyons},
    	 journal = {The Journal of Political Economy},
           number = {1},
          pages = {170--180},
           publisher = {The University of Chicago Press},
              title = {Order Flow and Exchange Rate Dynamics},
          year = {2002},
}

@article{Krugman1978PPP,
	author={P. Krugman}, 
	title={Purchasing power parity and exchange rates: another look at the evidence},
	journal={Journal of International Economics},
	year={1978},
	volume={8},
	pages={397-407},
}

@book{harrod1933international,
  title={International Economics},
  author={Harrod, R.},
  year={1933},
  publisher={Palgrave Macmillan}
}

@book={Harrod1933International,
	title={International Economics},
	author={Roy. Harrod},
	publisher={Nisbet},
	year={1933},
	place={London},
}

@article={Taylor1994Purchasing,
	author={A.M. Taylor, M.P. Taylor},
	title={The Purchasing Power Parity Debate},
	year={1994},
	journal={CRIF Seminar series. Paper 24},
}

@book{Froot1995Purchasing,
	author={K. Froot,K. Rogoff},
	title={Perspectives on PPP and long-run real exchange rate},
	booktitle={Handbook of International Economics},
	volume={3},
	publisher={Elsevier},
}

@book{Keynes1925Churchill,
	author={Keynes, J.M.},
	title={The Economic Consequences of Mr. Churchill},
	publisher={L. and V. Woolf},
	year={1925},
}

@book{Portes2009Global,
	author={Portes, R},
	title={Global Imbalances},
	year={2009},
	booktitle={Macroeconomic Stability and Financial Regulation},
	editors={Dewartipont, M. Xavier Freixas, M. Portes},
}

@article{Obstfeld2009Global,
	author={Obstfeld, M Rogoff, K},
	year={2009},
	journal={CEPR Discussion Paper},
	title={Global Imbalances and the Financial Crisis: Products of Common Causes},
}

@conference{Eichengreen2006Global,
	author={Eichengreen, B, Yung Churl Park},
	year={2006},
	title={Global imbalances: Implications for Emerging Asia},
	booktitle={presented to the IADB Annual Meetings Seminar},
}
	
@book{Juselius2007Cointegrated,
    author = {Juselius, Katarina},
    edition = {2},
    publisher = {Oxford University Press, USA},
    title = {The Cointegrated {VAR} Model: Methodology and Applications (Advanced Texts in Econometrics)},
    year = {2007},
}

@article{Ahmed1984St,
	author = {Ahmed, Ehsan and Johannes, James M.},
       	journal = {Journal of Money, Credit and Banking},
     	 number = {4},
   	 title = {St. Louis Equation Restrictions and Criticisms Revisited: Note},
   	 volume = {16},
    	year = {1984},
}

@book{IMFBOP,
	year={2001},
	author={IMF},
	publisher={International Monetary Fund}, 
	title={Balance of Payments and International Investment Position Manual},
	edition={sixth},
	URL={http://www.imf.org/external/pubs/ft/bop/2007/bopman6.htm},
}
	
@inbook{Branson1985International,
	author={W. Branson, D. Henderson},
	year={1985},
	title={The specification and influence of asset markets},
	booktitle={Handbook of International Economics},
	volume={2},
	editor={R. Jones, P. Kenen},
	publisher={North Holland},
}

@article{Kouri1974International,
    author = {Kouri, P. and Porter, M.},
    journal = {Journal of Political Economy},
    pages = {443--467},
    title = {International Capital Flows and Portfolio Equilibrium},
    volume = {82},
    year = {1974}
}

@article{Bilsen1978Money,
	title={The monetary approach to the exchange rate},
	author={J.F. Bilsen},
	journal={International Monetary Fund Staff Papers},
	volume={25},
	year={1978},
	pages={46-75},
}

@inbook{Frenkel1995Empirical,
	title={Empirical research on nominal exchange rates},
	booktitle={Handbook of International Economics},
	editor={G. Grossman, K. Rogoff},
	publisher={Elsevier},
	year={1995},
	author={Frenkel J, A. Rose},
}

@article{Mussa1976Money,
	title={The exchange rate, the balance of payments and monetary and fiscal policy under a regime of
	controlled floating},
	author={M. Mussa},
	journal={Scandinavian Journal of Economics},
	volume={78},
	pages={229-248},
	year={1976},
}

@article{Frenkel1976Money,
	title={A monetary approach to exchange rates: Doctrinal aspects and empirical evidence},
	journal={Scandinavian Journal of Economics},
	author={J. Frenkel},
	year={1976},
	volume={78},
	pages={200-224},
}
	

@article{Arrow1964securities,
	title={The role of securities in the optimal allocation of risk bearing},
	author={Kenneth J. Arrow},
	year={1964},
	journal={Review of Economic Studies},
	month={April},
	pages={91-96},
}

@article{balassa1964ppp,
	title={The purchasing power parity doctrin: a reappraisal},
	author={Bela Balassa},
	journal={Journal of Political Economy},
	year={1964},
	volume={72},
	no={6},
	pages={584-596},
}
	
@article{samuelson1964trade,
	title={Theoretical notes on trade performance},
	author={Paul A. Samuelson},
	year={1964},
	journal={Review of Economics and Statistics},
	volume={46},
	month{May},
	pages={145-54},
}
	
@article{DeGregorio1994International,
	title={International evidence on tradables and notradables inflation},
	author={Jose  De Gregorio, Alberto Giovannini, Holger C. Wolf},
	journal={European Economic Review},
	year={1994},
	month={June},
	volume={38},
	pages={1325-44},
}

@book{Baumol1966Performing,
	title={Performing arts: the economic dilemma},
	author={William J. Baumol, William G.  Bowen},
	year={1966},
	publisher={Twentieth Century Fund},
}

@article{Cassel1916Present,
	title={The Present Situation of the Foreign Exchanges},
	journal={Economic Journal},
	author={Gustav Cassel},
	year={1916},
	month={March},
          pages={319-323},
          volume={26},
	number={23},
}

@artilcle{Keynes1925Churchill,
	title={The economic consequences of Mr. Churchill}.
	author={J.M. Keynes},
	year={1925},
	publisher={L and V Woolf},
}

@book{Hull1997Options,
	title={Options, Futures and Other Derivatives},
	author={Hull, John C.},
	publisher={Prentice Hall},
	year={1997},
	ISBN={ISBN 0-13-601589-1},
}

@article{Black1973Options,
	title={The pricing of options and corporate liabiliities},
	author={Black, Fischer; Myron Scholes},
	journal={Journal of Political Economy},
	volume={81}
	journal = {Journal of Political Economy},
       	month = jan,
      	number = {3},
    	pages = {637-654}, 
}
	
@book{ISDACredit,
	title={2003 ISDA Credit Derivatives Definition},
	author={ISDA},
	publisher={International Securities Dealers Association},
	year={2003}, 
}

@article{HilscherWilson,   
  type={Working Paper Series},
  title={Credit Ratings and Credit Risk},
  author={Hilscher, Jens  and Wilson, Mungo Ivor},
  journal={SSRN eLibrary},
  year={2011},
  publisher={SSRN},
  }

@article{Goodhart1975Monetary,
	author={C.A.E Goodhart},
	title={Monetary Relationships:A View from Threadneedle Street},
	Journal={Papers in Monetary Economics},
	year={1975},
}


@article{Goodhart1975Monetary,
	author={C.A.E Goodhart},
	title={Monetary Relationships:A View from Threadneedle Street},
	Journal={Papers in Monetary Economics},
	year={1975},
}

@book{Lucas1976Critique,
	author={Robert Lucas},
	title={Econometric Policy Evaluation: A Critique},
	booktitle={The Phillips Curve and Labour Markets},
	editor={K. Brunner and A. Meltzer},
	pages={19-46},
	publisher={Carnegie-Rochester Conference Series on Public Policy},
	volume={1},
	year={1976}
}

@article{Gournichas2012Stories, 
	author={Gournichas, Pierre-Olivier and Maurice Obstfeld},
	title={Stories of the Twentieth Century for the Twenty First},
	journal={NBER Working Papers 17252},
	month={August},
	year={2012},
}

@article{Krugman1996Are,
    author = {Krugman, Paul},
    doi = {10.2307/3585207},
    issn = {08893365},
    journal = {NBER Macroeconomics Annual},
    keywords = {fx, stops, uip},
    pages = {345+},
    posted-at = {2011-11-07 09:49:00},
    priority = {2},
    title = {Are Currency Crises {Self-Fulfilling}?},
    url = {http://dx.doi.org/10.2307/3585207},
    volume = {11},
    year = {1996},

@book{Debreu1959Value,
	author= {Debreu,Gerard},
	title={Theory of Value},
	publisher={Yale University Press},
	year={1959},
	addresss=(New Haven CT},
}

@article{Arrrow1964Securities,
	author = {Arrow, Kenneth J.},
	journal = {Review of Economic Studies},
	number = {31},
	month = {April},
	title = {The Role of Securities in the Optimal Allocation of Risk Baring},
	pages={91-96},
	year = {1964},
}
	
@book{OandR,
    author = {Obstfeld, Maurice and Rogoff, Kenneth S.},
    howpublished = {Hardcover},
    isbn = {0262150476},
    month = {Sep},
    publisher = {The MIT Press},
    title = {Foundations of International Macroeconomics},
   year = {1996},
}

@article{Sims1972Money,
    author = {Sims, Christopher A.},
    citeulike-article-id = {4873085},
     issn = {00028282},
    journal = {The American Economic Review},
    keywords = {econometrics},
    number = {4},
    pages = {540--552},
    posted-at = {2011-10-12 06:34:48},
    priority = {5},
    publisher = {American Economic Association},
    title = {Money, Income, and Causality},
    volume = {62},
    year = {1972},
}

@article{Johansen1990Maximum,
    author = {Johansen, Soren and Juselius, Katarina},
    journal = {Oxford Bulletin of Economics and Statistics},
    number = {2},
    pages = {169--210},
    publisher = {Blackwell Publishing Ltd},
    title = {Maximum Likelihood Estimation and Inference on Cointegration - with Applications to the demad for money},
    volume = {52},
    year = {1990},
}

@article{Sims1980Macroeconomics,
    	author={Sims, Christopher A.},
    	journal={Econometrica},
    	number={1},
    	title={Macroeconomics and Reality},
    	volume={48},
    	year={1980},
}

@article{Blanchard1989Dynamic,
    author = {Blanchard, Oliver J. and Quah, Danny},
    journal = {American Economic Review},
    month = sep,
    number = {4},
    pages = {655--673},
    title = {The Dynamic Effects of Aggregate Demand and Supply Disturbances},
    volume = {79},
    year = {1989},
}


@article{Blanchard2002Empirical,
    journal = {Quarterly Journal of Economics},
    month = nov,
    number = {4},
    pages = {1329--1368},
    publisher = {MIT Press},
    title = {An Empirical Characterization of the Dynamic Effects of Changes in 
    Government Spending and Taxes on Output},
    volume = {117},
    year = {2002},
}


@article{Quandt2010Old,
    author = {Quandt, R. E.},
    journal = {Metrika},
    keywords = {econometrics, math},
    number = {1},
    pages = {55--82},
    title = {Old and new methods of estimation and the pareto distribution},
    volume = {10},
    year = {2010},
}


@article{Muth1961Rational,
    author = {Muth, John F.},
    journal = {Econometrica},
    keywords = {behaviour, expectations},
    publisher = {The Econometric Society},
    title = {Rational Expectations and the Theory of Price Movements},
    volume = {29},
    year = {1961},
}


@article{Brunnermeier2009Market,
    journal = {Review of Financial Studies},
    month = jun,
    number = {6},
    pages = {2201--2238},
    publisher = {Oxford University Press},
    title = {Market Liquidity and Funding Liquidity},
    volume = {22},
    year = {2009},
}

@article{Bernanke1999Chapter,
    journal = {Handbook of Macroeconomics},
    keywords = {bank, bubble, credit},
    pages = {1341--1393},
    title = {Chapter 21 The financial accelerator in a quantitative business cycle framework},
    volume = {1},
    year = {1999},
}


@article{Thaler1988Journal,
    author = {Thaler, Richard H.},
    number = {1},
    pages = {191--202},
    title = {The Journal of Economic Perspectives, Vol. 2, No. 1 (Winter, 1988), pp. 191-202},
    volume = {2},
    year = {1988},
}


@article{Simon1955Behavioural,
    author = {Simon, Herbert H.},
    journal = {The Quarterly Journal of Economics},
    month = feb,
    pages = {99--118},
    title = {A Behavioural Model of Rational Choice},
    volume = {LXIX},
    year = {1955},
}


@article{Frankel1987Using,
    author = {Frankel, Jeffrey A. and Froot, Kenneth A.},
    journal = {The American Economic Review},
    number = {1},
    pages = {133--153},
    publisher = {American Economic Association},
    title = {Using Survey Data to Test Standard Propositions 
    Regarding Exchange Rate Expectations},
    volume = {77},
    year = {1987},
}

@article{Jegadeesh2002Momentum,
    author = {Jegadeesh, Narasimhan and Titman, Sheridan},
    comment = {Key momentum paper - check the journal version. },
    day = {05},
    journal = {Social Science Research Network Working Paper Series},
    month = feb,
    publisher = {SSRN},
    title = {Momentum},
    year = {2002},
}

@article{Frankel2006Exchange,
    author = {Frankel, Jeffrey A. and Froot, Kenneth},
    day = {15},
    journal = {Social Science Research Network Working Paper Series},
    title = {Exchange Rate Forecasting Techniques, Survey Data, and Implications
    for the Foreign Exchange Market},
    year = {2006},
}

@article{Lyons1995Tests,
    author = {Lyons, R.},
    journal = {Journal of Financial Economics},
    keywords = {microstructure},
     number = {2-3},
    pages = {321--351},
    title = {Tests of microstructural hypotheses in the foreign exchange market},
    volume = {39},
    year = {1995},
}

@article{Glosten1985Bid,
    author = {Glosten, L.},
    journal = {Journal of Financial Economics},
    keywords = {exchange, microstructure, noise},
     number = {1},
    pages = {71--100},
    title = {Bid, ask and transaction prices in a specialist market with 
    heterogeneously informed traders},
    volume = {14},
    year = {1985},
}

@article{Grossman1980Impossibility,
    author = {Grossman, Sanford J. and Stiglitz, Joseph E.},
    doi = {10.2307/1805228},
    issn = {00028282},
    journal = {The American Economic Review},
    keywords = {exchange, microstructure},
    number = {3},
    pages = {393--408},
    publisher = {American Economic Association},
    title = {On the Impossibility of Informationally Efficient Markets},
    volume = {70},
    year = {1980},
}


@article{Kyle1985Continuous,
    author = {Kyle, Albert S.},
    doi = {10.2307/1913210},
    journal = {Econometrica},
    keywords = {exchange, finance, information, trading},
    number = {6},
    pages = {1315--1335},
    publisher = {The Econometric Society},
    title = {Continuous Auctions and Insider Trading},
    volume = {53},
    year = {1985},
}


@article{Meese1983Empirical,
    author = {Meese, R. and Rogoff, K.},
    issn = {00221996},
    journal = {Journal of International Economics},
    number = {1-2},
    pages = {3--24},
    title = {Empirical exchange rate models of the seventies Do they fit out of sample?},
    volume = {14},
    year = {1983},
}


@article{DeLong1990Positive,
    journal = {The Jou-rnal of Finance},
    author={B. DeLong, A. Schliefer, L.Summers, R. Waldermann},
    number = {2},
    pages = {379--395},
    title = {Positive Feedback Investment Strategies and
 Destabilizing Rational Speculation},
    volume = {45},
    year = {1990},
}

@book{Lyons2006Microstructure,
    author = {Lyons, Richard K.},
    day = {01},
    edition = {New Ed},
    howpublished = {Paperback},
    isbn = {026262205X},
    publisher = {The MIT Press},
    title = {The Microstructure Approach to Exchange Rates},
    year = {2006},
}


@article{Dornbusch1976Expectations,
    author = {Dornbusch, Rudiger},
    journal = {Journal of Political Economy},
    number = {6},
    pages = {1161--1176},
    title = {Expectations and Exchange Rate Dynamics},
    volume = {84},
    year = {1976},
}
