@article{IMFflow, 
  author = {Gaston Gelos and Lucyna Gornicka and Robin Koepke},
  title = {Capital flows at risk: Taming the ebbs and flows},
  year = {2019},
  journal = {IMF Working Paper},
  number = {279},
}

@misc{BEA,
  author = {{{US} Department of Commerce}},
  title={{US} International Transactions},
  url={https://www.bea.gov/data/intl-trade-investment/international-transactions},
  year={2014},
 }

@article{HaywardEvent, 
  title = {Foreign exchange speculation: An event study},
  author = {Rob Hayward},
  journal = {International Journal of Financial Studies},
  year = {2018},
  volume = {6}, 
  number = {22},
}

@article{Avdjiev2017, 
  title = {Gross capital flows by banks, corporates and sovereigns},
  author = {Stefan Avdjiev and Bryan Hardy and Sebnem Kalemli-Ozcan},
  journal = {NBER Working Paper},
  number = {23116}, 
  year = {2017}
}

@article{Cesa-Biachi2019,
  title = {Towards a new monetary theory of exchange rate determination},
  author = {Ambrogio Cesa-Bianchi and Michael Kumhof and Andrej Sokol and Gregory Thwaites},
  journal = {Bank of England Staff Working Paper},
  number = {817},
  year = {2019}
}

@article{CaballeroCapital, 
  title = {A model of fickle capital flows and retrenchment},
  journal = {Journal of Political Economy},
  author = {Ricardo J. Caballero and Alp Simsek},
  year = {2020},
  volume = {128},
  number = {6},
 }

@article{Gabaix15, 
  title = {International lliquidity and exchange rate dynamics},
  journal = {Quarterly Journal of Economics},
  author = {Xavier Gabaix and Matteo Maggiori},
  volume = {130},
  pages = {1369-1420},
  year = {2015},
}

@article{Devereux2020, 
  title = {International capital flows, portfolio composition, and the stability of external imbalances},
  author = {Michael Devereux and Makoto Saito and Changhua Yu},
  journal = {Journal of International Economics},
  year = {2020},
  volume = {127},
}kk
@conference{ObstfeldCA, 
  title = {Expanding gross asset positions and the international monetary system},
  author = {Maurice Obstfeld},
  booktitle = {Federal Reserve Bank of Kansas City symposium on Macroeconomic Challenges: The decade ahead}, 
  address = {Jackson Hole, Wyoming},
  year = {2010}
}

@article{LaneMF2008, 
  title = {The drivers of financial globalization},
  author = {Philip R. Lane and Gian Maria Milesi-Ferretti},
  journal = {American Economic Review:Papers and Proceedings},
  volume = {98},
  number = {2},
  year = {2008},
  pages = {327-32}
}

@article{BISImbalance,
  title = {Global Imbalances and the financial crisis: Link or no link?},
  author = {Claudio Borio and Piti Disyatat},
  journal = {BIS Working Papers},
  number = {346},
  year = {2011}
}

@article{BISCapitalFlow, 
  title = {How does international capital flow?},
  author = {Michael Kumhof and Phurichai Rungcharoenkitkul and Andrej Sokol},
  journal = {BIS Working Papers},
  number = {890},
  year = {2020},
  url = {https://www.bis.org/publ/work890.htm}
} 

@techreport{CIERP2012, 
  title = {Banks and Cross-Border Capital Flows: Policy Challenges and Regulatory Responses},
  author = {Eswar Prasad and Jose de Gregorio and Donald Kohn and Hyun Song Shin and Charles H. Dallara},
  year = {2011},
  institution = {The Committe for International Economic Policy and Reform}
}

  
@article{BathiaBourasDemirerGupta, 
  title = {Cross-border capital flows and return dynamics in emerging stock markets: Relative roles of equity and debt flows},
  author = {Deven Bathia and Christos Bouras and Riza Demirer and Rangan Gupta},
  journal = {Journal of International Money and Finance},
  volume = {109},
  year = {2020},
}

@article{Keef2021, 
  title = {The Transmission of Global Monetary and Credit Shocks on Exchange Market Pressure in Emerging and Developing Economies},
  author = {Helena Glebocki Keefe},
  journal = {Journal of International Financial Markets, Institutions and Money},
  year = {2021},
}

@article{ClaessensDooleyWarner, 
	title = {Portfolio Capital Flows:  Hot or Cold?},
	author = {Stijn Claessens and Michael P.Dooley and Andrew Warner}, 
	journal = {The World Bank Economic Review},
	volume = {9}, 
	number = {1},
	pages = {153-174},
	year = {1995}
}

@article{ChuhanPerez-QuirosPopper, 
	title = {International Capital Flows: Do short-term investment and long-term investment differ?},
	author = {Punam Chuhan and Gabriel Perez-Quiros and Helen Popper},
	journal = {World Bank Policy Research Working Paper},
	number = {1669},
	year = {1996},
}

@article{Blanchard2015, 
	title = {Are Capital Inflows Expansionary or Contractionary? Theory, Policy Implications, Some Evidence},
	author = {Oliver J Blanchard and Atish R. Ghosh and Marcos Chamon},
	year = {2015},
	journal = {IMF Working Paper},
	volume = {15},
	number = {226}
}
		
@article{GhoshSurge, 
	title = {Surges},
	year = {2014},
	month = {March},
	author = {Atosh R. Ghosh and Mahvash S. Qureshi and Jun Il Kim and Juan Zalduendo},
	pages = {266-285},
	journal = {Journal of International Economics}
}

@artile{BrunoShin, 
	title = {Capital flows and the risk-taking channel of monetary policy},
	year = {2015},
	author = {V. Bruno and H.S. Shin},
	journal = {Journal of Monetary Economics},
	volume = {71}, 
	pages = {119-=132}
}

@misc{AHR12-13, 
	title = {Academic Health Report: BSc Finance \& Investment: 2012-13}, 
	year = {2013},
	month = {October},
author = {Rob Hayward}
}

@book{emod, 
  title = {e moderating: the key for teaching and learning on line},
  author = {Gilly Salmon},
  year = {2003},
  publisher = {RoutledgerFalmer}
}

@article{ARDL, 
  title = {Have your cake and Eat it Too? Cointegration and Dynamic Inference from Autoregressive Disrtibutive Lag Models},
  author = {Andrew Q. Philips},
  Journal = {Americal Journal of Political Science},
  volume = {62}, 
  number = {1}, 
  pages ={230-244},
  year = {2018}
}

@article{Jurek2,
  title = {Crash-neutral currency carry trades},
  author = {Jakub W. Jurek},
  journal = {Journal of Financial Economics},
  volume = {113},
  issue = {3},
  year = {2014},
  pages = {325-347}
}
  
@incollection{Hayward2014,
  title = {UIP, the carry trade and Minsky's Financial Instability Hypothesis in the CEE and CIS},
  author = {Rob Hayward and Jens H\"{o}lscher}, 
  booktitle = {Poland and the Eurozone},
  editor = {Jens H\"{o}lscher Holscher},
  chapter = {7},
  publisher = {Plagrave},
  series = {Studies in economic transition},
  pages = {111-138}
}
  
@article{Elliot,
  title = {A Hidden Markov Approach to the Forward Premium Puzzle},
  author = {Robert J. Elliot and Bing Han},
  journal = {International Journal of Theoretical and Applied Finance},
  volume = {9}, 
  issue = {7},
  year = {2006},
  pages = {1009-1020}
}

@article{FamaUIP, 
  title = {Forward and spot exchange rates},
  author = {Eugene Fama},
  journal = {Journal of Monetary Economics},
  volume = {14},
  issue = {3},
  year = {1984}, 
  pages = {319-338}
}

@article{Burnside2010, 
  title = {Do peso prolbems explain the returns to the carry trade?},
  author = {Craig Burnside and Martin Eichenbaum and Issac Kleshchelski and Sergio Rebelo},   journal = {The Review of Financial Studies},
  volume = {24},
  issue = {3}, 
  year = {2011},
  pages = {853-891}
}

@incollection{EngelHandbook,
  title = {Exchange rates and interest parity},
  author = {Charles Engel},
  booktitle = {Handbook of International Economics},
  publisher = {Elsevier}, 
  year = {2014}, 
  editor = {Gita Gopinath and Elhanan Helpman and Kenneth Rogoff},
  volume = {4}, 
  chapter = {8},
  edition = {1}, 
  pages = {453-522}
 }
 
@article{McCallum, 
  title = {A reconsideration of the uncovered interest parity relationship},
  author = {Bennet T. McCallum},
  journal = {Journal of Monetary Economics},
  volume = {33},
  issue = {1},
  year = {1994},
  pages = {105-132}
}

@article{CanovaMarrinan, 
  title = {Profits, risk and uncertainty in foreign exchange markets}, 
  author = {Fabio Canova and Jane Marrinan},
  journal = {Journal of Monetary Economics},
  volume = {32},
  issue = {2},
  year = {1993},
  month = {November},
  pages = {259-286},
}

@article{DarvasCarry, 
  title = {Leverage carry trade portfolios}, 
  author = {Zsolt Darvas}, 
  journal = {Journal of Banking and Finance},
  volume = {33}, 
  number = {}, 
  year = {2009}, 
  pages = {944-957}
}
  
@article{Sweeney,
  title = {Beating the Foreign Exchange Market}, 
  author = {Richard J. Sweeney}, 
  journal = {The Journal of Finance},
  year = {1986}, 
  month = {March},
  volume = {41},
  issue = {1},
  pages = {163-182}
}
  
@article{IMFCC, 
  title = {Capital controls: the role of controls},
  author = {Jonathan D. Ostry and Atish R. Ghost and Karl Habermeier
  and Marcos Chamon and Mahvash S. Qureshi and Dennis B.S. Reinhardt}, 
  journal = {IMF Staff Position Note},
  year = {2010}, 
  volume = {SPN/10/04},
  month = {February}
}

@article{Ben-DavidOverconfidence, 
  title = {Uninformative Feedback and Risk Taking: Evidence from Retail Foreign Exchange}, 
  author = {Itzhak Ben-David}, 
  journal = {Fisher Colledge of Business Working Paper}, 
  number = {2014-17}, 
  year = {2014},
  URL = {http://ssrn.com/abstract=2540584}
}

@article{JohnsonConfidence, 
  title = {The evolution of overconfidence}, 
  journal = {Nature}, 
  year = {2011}, 
  volume = {477}, 
  parge = {317 - 320}, 
  author = {Dominic D. P. Johnson and James H. Fowler}
}

@article{NarayanMoment, 
  title = {Is Exchange rate trading profitable?}, 
  author = {Paresh K. Narayan and Sagarika Mishra and Seema Narayan and 
  Kannan Thuraisamy}, 
  journal = {Journal of International Financial Markets}, 
  volume = {38}, 
  year = {2015}, 
  pages = {217 - 229} 
}

@article{MishkinFinInstab, 
  title = {Global Financial Instability: Framework, events, issues},
  author = {Fredric S. Mishkin}, 
  journal = {The Journal of Economic Perspectives},
  volume = {13},
  number = {4},
  pages = {3 - 20}, 
  year = {1999}
}

@article{RodrickVelasco, 
  title = {Short-term capital flows},
  author = {Dani Rodrick and Andres Velasco},
  journal = {NBER Working Paper},
  number = {7364},
  year = {1999}
}

@article{Yan2011, 
  title = {Jump risk, stock returns, and slope of implied volatility smile},
  author = {S. Yan},
  journal = {Journal of Financial Economics},
  volume = {99},
  number = {1},
  pages = {216-233},
  year = {2011}
}

@article{FengZhangFriesen, 
  title = {The relationship between the option-implied volatility smile, stick returns and hetrogenous beliefs},
  journal = {International Review of Financial Analysis},
  volume = {41},
  pages = {62-73},
  year = {2015},
  author = {Shu Feng and Yi Zhang and Geoffrey C. Friesen}
}

@article{Ramiah201589,
title = "Neoclassical finance, behavioral finance and noise traders: A review and assessment of the literature ",
journal = "International Review of Financial Analysis ",
volume = "41",
number = "",
pages = "89 - 100",
year = "2015",
author = "Vikash Ramiah and Xiaoming Xu and Imad A. Moosa"
}

@article{calvo2004empiric, 
  title={On the empiric of sudden stops: the relevance of balance-sheet effects},
  author={Calvo, Guillermo A and Izquierdo, Alejandro and Mejia, Luis-Fernando},
  year={2004},
  institution={National Bureau of Economic Research}
}

@misc{USbondflash, 
  author = {US Treasury},
  title = {The {US} Teasury Market on October 15, 2014},
  year = {2015},
  month = {July},
  url = {http://www.treasury.gov/press-center/press-releases/},
  publisher = {US Department of Treasury}
}

@misc{NYFedbonds, 
  author = {Tobias Adrian and Machael Fleming and Daniel Stackman and Erik Vogt},
  title = {Has {US} Treasury Market Liquidity Deteriorated?},
  year = {2015},
  month = {August},
  url = {http://libertystreeteconomics.newyorkfed.org/2015/08/has-us-treasury-market-liquidity-deteriorated.html},
  publisher = {Federal Reserve Bank of New York},
  journal = {Liberty Street Economics}
}

@article{LeeandReady, 
  author = {Charles M. C. Lee and Mark J. Ready},
  title = {Inferring trade direction from intraday data},
  journal = {The Journal of Finance},
  volume = {46},
  number = {2},
  year = {1991},
  pages = {733-746}
}

@article{OdeanOC, 
  title = {Volume, volatility, price and profit when all traders are above average},
  author = {Terrance Odean},
  journal = {The Journal of Finance},
  year = {1998},
  volume = {53},
  number = {6}, 
  pages = {1887 - 1934}
}

@article{EasleyPIN2, 
  title = {Liquidity, information, and infrequently traded stocks},
  author = {David Easley and Nocholas M. Kiefer and Maureen O'Hara and 
  Joseph B. Paperman},
  journal = {Journal of Finance}, 
  year = {1996},
  number = {4},
  volume = {51},
  pages = {1405 - 1436}
}

@article{EasleyPIN, 
  title = {Price, trade size, and information in securities markets},
  author = {David Easley and Maureen O'Hara}, 
  journal = {Journal of Financial Economics},
  volume = {19}, 
  pages = {69 - 90},
  year = {1987}
}

@article{rime2010exchange, 
  title = {Exchange rate forecasting, order flow and macroeconomic information},
  author = {Dagfinn Rime and Lucio Sarno and Elvira Sojli},
  journal = {Journal of International Economics},
  volume = {80},
  number = {1},
  year = {2015}, 
  pages = {72-88}
}

@article{AdamsKaneGLobal, 
  title = {Global transmission channels for international bank lending in the 2007-09 financial crisis},
  author = {Jonathon {Adams-Kane} and Yueqing Jia and Jamus J. Lim},
  journal = {Journal of International Money and Finance},
  volume = {56}, 
  number = {},
  year = {2015},
  pages = {97-113}
}

@article{Fatumint, 
  title = {Foreign exchange intervention when interest rates are zero: does the portfolio balance channel matter after all?},
  author = {Rasums Fatum}, 
  journal = {Journal of International Money and Finance},
  volume = {},
  number = {},
  year = {2015},
  pages = {}
}

@article{Gelman,
  title = {Real financial market exchange rates and capital flows},
  author = {Maria Gelman, Axel Jochem and Stefan Reitz},
  journal = {Journal of International Money and Finance},
  volume = {54},
  number = {}, 
  year = {2015},
  pages = {50-69}
}

@article{RazinCap, 
  title = {A pecking order of capital inflows and international tax principles},
  author = {Assaf Razin, Efraim Sadka and Chi-Wa Yuen},
  journal = {Journal of International Economics},
  volume = {44},
  number = {1},
  year = {1998},
  pages = {45-68}
}

@article{Ozan, 
  title = {Surges and Sudden Stops of Capital Flows to Emerging Markets},
  author = {Ozan Sula},
  journal = {Open Economies Review},
  volume = {21},
  number = {4},
  year = {2010},
  pages = {589-605}
}

@article{MontielReinhart, 
  title = {Do capital controls and macroeconomic policies influence the volume and composition of capital flows?  Evidence from the 1990s},
  author = {Peter Montiel and Carmen Reinhart},
  journal = {Journal of International Finance and Money},
  number = {4},
  volume = {18},
  year = {1999},
  pages = {619-635}
}

@misc{Gabaix2014, 
  title = {International Liquidity and Exchange Rate Dynamics},
  author = {Xavier Gabaix and Matteo Maggiori},
  year = {2014},
  journal = {unpublished}
}

@book{obstfeldtaylor, 
  title = {Global Capital Markets: Integration, Crisis and Growth},
  author = {Maurice Obstfeld and Alan M. Taylor},
  publisher = {Cambridge},
  year = {2004}
}

@article{kumhof2010theory,
  title={On the theory of sterilized foreign exchange intervention},
  author={Kumhof, Michael},
  journal={Journal of Economic Dynamics and Control},
  volume={34},
  number={8},
  pages={1403--1420},
  year={2010},
  publisher={Elsevier}
}

@article{Blanchardint, 
  author = {Oliver Blanchard and Gustavo Adler and Irineu de Cavalho Filho},
  title = {Can Foreign Exchange Intervention Stem Exchange Rate Pressures?},
  journal = {IMF WOrking Paper},
  number = {WP/15/159},
  year = {2015},
}

@book{lutkepohlvar, 
  title = {New Introduction to Multiple Time Series Analysis}, 
  author = {H. Lutkephole}, 
  year = {2006}, 
  publisher = {Springer-Verlag, New York}
}

@article{brookscapital,
  title = {Exchange rates and capital flows},
  author = {Robin Brooks and Hali Edison and Manmohan S. Kumar and Torsten Slok},
  journal = {European Financial Management},
  year = {2004},
  volume = {10},
  number = {3},
  pages = {511-533}
}
  
@article{KatanoCapital, 
  title = {Capital controls and welfare},
  author = {Shigeto Katano},
  journal = {Journal of Macroeconomics},
  year = {2011},
  month = {December},
  pages = {700-710},
  volume = {33},
  number = {4}
}

@article{lane2001new,
  title={The new open economy macroeconomics: a survey},
  author={Lane, Philip R},
  journal={Journal of international economics},
  volume={54},
  number={2},
  pages={235--266},
  year={2001},
  publisher={Elsevier}
}

@article{OandRedux,
    author = {Obstfeld, Maurice and Rogoff, Kenneth},
    journal = {The Journal of Political Economy},
    month = jun,
    number = {3},
    pages = {624--660},
    title = {{Exchange Rate Dynamics Redux}},
    volume = {103},
    year = {1995}
}

@manual{imfweo2001, 
  title = {IMF World Economic Outlook}, 
  author = {IMF},
  year = {2001},
  url = {http://www.imf.org/external/pubs/ft/weo/2001/01/}
}

@manual{BOEFSR2000, 
  title = {Bank of England Financial Stability Review}, 
  author = {BoE},
  organisaiton = {Bank of England},
  month = {December},
  pages = {700-710},
  year = {2000},
  volume = {33},
  number = {4}
  }

@article{obstfeld2000new,
  title={New directions for stochastic open economy models},
  author={Obstfeld, Maurice and Rogoff, Kenneth},
  journal={Journal of international economics},
  volume={50},
  number={1},
  pages={117--153},
  year={2000},
  publisher={Elsevier}
}

@techreport{brunnermeier2014international,
  title={International Credit Flows and Pecuniary Externalities},
  author={Brunnermeier, Markus K and Sannikov, Yuliy},
  year={2014},
  institution={National Bureau of Economic Research}
}

@article{ReyFlow,
    doi = {10.1111/ecoj.12268},
    journal = {Econ J},
    keywords = {finance, flow},
    month = may,
    number = {584},
    pages = {675--698},
    posted-at = {2015-06-19 11:04:33},
    priority = {2},
    title = {Financial Flows and the International Monetary System},
    url = {http://dx.doi.org/10.1111/ecoj.12268},
    volume = {125},
    year = {2015}
}

@article{milgrom1982information,
  title={Information, trade and common knowledge},
  author={Milgrom, Paul and Stokey, Nancy},
  journal={Journal of Economic Theory},
  volume={26},
  number={1},
  pages={17--27},
  year={1982},
  publisher={Elsevier}
}

@misc{BISFX2019, 
   title = {Triennial Central Bank survey of Foreign Exchange and Derivatives Market Activity in 2019},
   author = {BIS},
   year = {2019},
   url = {https://www.bis.org/statistics/rpfx19.htm}
}

@misc{BISFX2013,
   title = {Triennial Central Bank survey of Foreign Exchange and Derivatives Market Activity in 2013},
   author = {BIS},
   year = {2013},
   url = {http://www.bis.org/publ/rpfxf10t.htm},
}

@article{ShillerFashion, 
  title = {Stock Prices and Social Dynamics},
  author = {Robert J. Shiller}, 
  year = {1984}, 
  journal = {Brookings Papers on Economic Activity},
  Volume = {Fall},
  pages = {457--498}
}

@article{shleifer1997limits,
  title={The limits of arbitrage},
  author={Shleifer, Andrei and Vishny, Robert W},
  journal={The Journal of Finance},
  volume={52},
  number={1},
  pages={35--55},
  year={1997},
  publisher={Wiley Online Library}
}

@incollection{GortonNoise,
  title = {Noise Traders},
  author = {James Dow and Gary Gorton},
  booktitle = {The New Palgrave: Dictionary of Economics},
  publisher = {Palgrave Macmillan: New York},
  editor = {Steven N. Durlauf and Lawrence E. Blume},
  edition = {2},
  year = {2008}
}
  
@article{glosten1985bid,
  title={Bid, ask and transaction prices in a specialist market with heterogeneously informed traders},
  author={Glosten, Lawrence R and Milgrom, Paul R},
  journal={Journal of financial economics},
  volume={14},
  number={1},
  pages={71--100},
  year={1985},
  publisher={Elsevier}
}

@article{juselius1992testing,
  title={Testing structural hypotheses in a multivariate cointegration analysis of the PPP and the UIP for UK},
  author={Juselius, Katarina and others},
  journal={Journal of econometrics},
  volume={53},
  number={1},
  pages={211--244},
  year={1992},
  publisher={Elsevier}
}

@article{engle1987co,
  title={Co-integration and error correction: representation, estimation, and testing},
  author={Engle, Robert F and Granger, Clive WJ},
  journal={Econometrica: journal of the Econometric Society},
  pages={251--276},
  year={1987},
  publisher={JSTOR}
}

@article{fama1993common,
  title={Common risk factors in the returns on stocks and bonds},
  author={Fama, Eugene F and French, Kenneth R},
  journal={Journal of financial economics},
  volume={33},
  number={1},
  pages={3--56},
  year={1993},
  publisher={Elsevier}
}

@article{tobin1969general,
  title={A general equilibrium approach to monetary theory},
  author={Tobin, James},
  journal={Journal of money, credit and banking},
  volume={1},
  number={1},
  pages={15--29},
  year={1969},
}

@book{ShillerIrrational, 
  author = {Robert, J. Shiller},
  title = {Irrational Exhuberance},
  year = {2000},
  publisher = {Princton University Press}
}

@article{Jagadeesh2004,
  author = {N. Jagadeesh and J. Kim and S.D. Krische},
  title = {Analyzing the analysts: when do recommendations add value?},
  journal = {The Journal of Finance},
  volume = {59},
  number = {3},
  pages = {1083 - 1124},
  year = {2004}
}

@article{McNicolsearnings,
author = {M.F. McNicols and H. Lin}, 
title = {Analyst impartiality and investment bank relationships},
journal = {Journal of Accounting Research},
volume = {15},
number = {2},
year = {2005},
pages = {623-650},
}

@article{Campbell, 
author = {Campbell R. Harvey and Yan Liu and Heqing Zhu}, 
title = {…and the Cross-Section of Expected Returns},
year = {2015},
url = {http://dx.doi.org/10.2139/ssrn.2249314},
journal = {SSRN},
number = {2239314}
}

@book{Beggtext, 
author = {David Begg and Stanley Fischer and Rudiger Dornbusch},
title = {Economics}, 
publisher = {McGraw-Hill},
year = {2005},
edition = {8}
}

@book{Buti2010, 
author = {Marco Buti and Daniele Franco},
title = {Fiscal Policy in Economic and Monetary Union: theory, evidence and institutions},
year = {2005}, 
publisher = {Edward Elgar}
}

@article{Combes20121034,
title = "Capital flows, exchange rate flexibility, and the real exchange rate ",
journal = "Journal of Macroeconomics ",
volume = "34",
number = "4",
pages = "1034 - 1043",
year = "2012",
url = "http://www.sciencedirect.com/science/article/pii/S0164070412000833",
author = "Jean-Louis Combes and Tidiane Kinda and Patrick Plane",
}

@article{Ghosh201452,
title = "Accounting for emerging market countries' international reserves: Are Pacific Rim countries different? ",
journal = "Journal of International Money and Finance ",
author = "Joshua Aizenman and Hiro Ito",
volume = "49, Part A",
number = "0",
pages = "52 - 82",
year = "2014"
}

@article{Dooley2003Essay,
    author = {Dooley, Michael P. and Folkerts-Landau, David and Garber, Peter},
    journal = {National Bureau of Economic Research Working Paper Series},
    pages = {9971+},
    title = {An Essay on the Revived Bretton Woods System},
    year = {2003}
}

@misc{bernanke1981permanent,
  title={Permanent income, liquidity, and expenditure on automobiles: evidence from panel data},
  author={Bernanke, Ben S},
  year={1981},
  publisher={National Bureau of Economic Research Cambridge, Mass., USA}
}

@article{modigliani1966life,
  title={The life cycle hypothesis of saving, the demand for wealth and the supply of capital},
  author={Modigliani, Franco},
  journal={Social Research},
  pages={160--217},
  year={1966},
  publisher={JSTOR}
}

@article{stiglitz1981credit,
  title={Credit rationing in markets with imperfect information},
  author={Stiglitz, Joseph E and Weiss, Andrew},
  journal={The American economic review},
  pages={393--410},
  year={1981},
  publisher={JSTOR}
}

@article{da2010sum,
  title={The sum of all fears: investor sentiment and asset prices},
  author={Da, Zhi and Engelberg, Joseph and Gao, Pengjie},
  journal={SSRN eLibrary},
  year={2010}
}

@article{bloomfield2009noise,
  title={How noise trading affects markets: An experimental analysis},
  author={Bloomfield, Robert and O’hara, Maureen and Saar, Gideon},
  journal={Review of Financial Studies},
  volume={22},
  number={6},
  pages={2275--2302},
  year={2009},
  publisher={Soc Financial Studies}
}

@book{fisher1965theory,
  title={The theory of interest},
  author={Fisher, Irving and others},
  year={1930},
  publisher={Kelly}
}

@book{howells2008economics,
  title={The economics of money, banking and finance: a European text},
  author={Howells, Peter and Bain, Keith},
  year={2014},
  publisher={Pearson Education}
}

@book{krugman2009international,
  title={International economics: Theory and policy, 8/E},
  author={Krugman, Paul R and M. Obstfeld},
  year={2014},
  publisher={Pearson Education}
}

@article{friend1975demand,
  title={The demand for risky assets},
  author={Friend, Irwin and Blume, Marshall E},
  journal={The American Economic Review},
  pages={900--922},
  year={1975},
  publisher={JSTOR}
}

@article{barro1974government,
  title={Are government bonds net wealth?},
  author={Barro, Robert J},
  journal={The Journal of Political Economy},
  pages={1095--1117},
  year={1974},
  publisher={JSTOR}
}

@article{diamond1965national,
  title={National debt in a neoclassical growth model},
  author={Diamond, Peter A},
  journal={The American Economic Review},
  pages={1126--1150},
  year={1965},
  publisher={JSTOR}
}

@misc{allais1947economic,
  title={Economic et Interet},
  author={Allais, Maurice},
  year={1947},
  publisher={Imprimerie Nationale, Paris}
}

@article{rogoff2010growth,
  title={Growth in a Time of Debt},
  author={Rogoff, Kenneth and Reinhart, Carmen},
  journal={American Economic Review},
  volume={100},
  number={2},
  pages={573--8},
  year={2010}
}

@incollection{gourinchas2007world,
  title={From world banker to world venture capitalist: US external adjustment and the exorbitant privilege},
  author={Gourinchas, Pierre-Olivier and Rey, Helene},
  booktitle={G7 Current Account Imbalances: Sustainability and Adjustment},
  pages={11--66},
  year={2007},
  publisher={University of Chicago Press}
}

@article{citeulike:13372807,
    author = {Psaradakis, Zacharias and Spagnolo, Nicola},
    journal = {Journal of Time Series Analysis},
    month = mar,
    number = {2},
    pages = {237--252},
    title = {On the determination of the number of regimes in {M}arkov-switching autoregressive models},
    url = {http://dx.doi.org/10.1111/1467-9892.00305},
    volume = {24},
    year = {2003}
}

@article{garcia1998asymptotic,
  title={Asymptotic null distribution of the likelihood ratio test in Markov switching models},
  author={Garcia, Rene},
  journal={International Economic Review},
  pages={763--788},
  year={1998},
  publisher={JSTOR}
}

@article{hansen1992likelihood,
  title={The likelihood ratio test under nonstandard conditions: testing the Markov switching model of GNP},
  author={Hansen, Bruce E},
  journal={Journal of applied Econometrics},
  volume={7},
  number={S1},
  pages={S61--S82},
  year={1992},
  publisher={Wiley Online Library}
}

@article{Smith2006553,
title = "Markov-switching model selection using Kullback–Leibler divergence ",
journal = "Journal of Econometrics ",
volume = "134",
number = "2",
pages = "553 - 577",
year = "2006",
url = "http://www.sciencedirect.com/science/article/pii/S0304407605001557",
author = "Aaron Smith and Prasad A. Naik and Chih-Ling Tsai"
}

@article{cavalloSS,
    author = {Cavallo, Eduardo and Powell, Andrew and Pedemonte, Mathieu and Tavella, Pilar},
journal = {Journal of International Money and Finance},
pages = {47--70},
title = {{A new taxonomy of Sudden Stops: Which Sudden Stops should countries be most concerned about?}},
url = {http://dx.doi.org/10.1016/j.jimonfin.2014.10.001},
volume = {51},
year = {2015}
}

@article{Cavallo20081430,
title = "Does openness to trade make countries more vulnerable to sudden stops, or less? Using gravity to establish causality ",
journal = "Journal of International Money and Finance ",
volume = "27",
number = "8",
pages = "1430 - 1452",
year = "2008",
note = "",
issn = "0261-5606",
doi = "http://dx.doi.org/10.1016/j.jimonfin.2007.10.004",
url = "http://www.sciencedirect.com/science/article/pii/S0261560607001180",
author = "Eduardo A. Cavallo and Jeffrey A. Frankel",
}

@article{odean1998volume,
  title={Volume, volatility, price, and profit when all traders are above average},
  author={Odean, Terrance},
  journal={The Journal of Finance},
  volume={53},
  number={6},
  pages={1887--1934},
  year={1998},
  publisher={Wiley Online Library}
}

@book{agresti2014categorical,
  title={Categorical data analysis},
  author={Agresti, Alan},
  year={2014},
  publisher={John Wiley \& Sons}
}

@article{AIC,
  author = {Hirotugu Akaike},
  title = {Likelihood of a model and information criteria},
  journal = {Journal of Econometrics},
  volume = {16},
  year = {1981},
  number = {1},
  pages = {3-14},
}

@article{dueker1997markov,
  title={Markov switching in GARCH processes and mean-reverting stock-market volatility},
  author={Dueker, Michael J},
  journal={Journal of Business \& Economic Statistics},
  volume={15},
  number={1},
  pages={26--34},
  year={1997},
  publisher={Taylor \& Francis Group}
}

@article{schaller1997regime,
  title={Regime switching in stock market returns},
  author={Schaller, Huntley and Norden, Simon Van},
  journal={Applied Financial Economics},
  volume={7},
  number={2},
  pages={177--191},
  year={1997},
  publisher={Taylor \& Francis}
}

@article{hamilton1988rational,
  title={Rational-expectations econometric analysis of changes in regime: An investigation of the term structure of interest rates},
  author={Hamilton, James D},
  journal={Journal of Economic Dynamics and Control},
  volume={12},
  number={2},
  pages={385--423},
  year={1988},
  publisher={Elsevier}
}

@article{evans199621,
  title={21 {P}eso problems: Their theoretical and empirical implications},
  author={Evans, Martin DD},
  journal={Handbook of statistics},
  volume={14},
  pages={613--646},
  year={1996},
  publisher={Elsevier}
}

@article{rabiner1989tutorial,
  title={A tutorial on hidden Markov models and selected applications in speech recognition},
  author={Rabiner, Lawrence},
  journal={Proceedings of the IEEE},
  volume={77},
  number={2},
  pages={257--286},
  year={1989},
  publisher={IEEE}
}

@article{frydman2008credit,
  title={Credit rating dynamics and Markov mixture models},
  author={Frydman, Halina and Schuermann, Til},
  journal={Journal of Banking \& Finance},
  volume={32},
  number={6},
  pages={1062--1075},
  year={2008},
  publisher={Elsevier}
}

@article{Hamilton1989, 
  title = {A New Approach to the Economic Analysis of Nonstationary Time Series and the Business Cycle}, 
  author = {James D. Hamilton},
  journal = {Econometrica},
  volume = {52}, 
  number = {2}, 
  year = {1989}, 
  pages = {357 - 384}, 
}

@article{Baum1970, 
  title = {A Maximization Technique Occuring in the Statistical Analysis of Probabilistic Functions of {M}arkov Chains}, 
  author = {Leonard E Baum and Ted Petrie and George Soules and Norman Weiss}, 
  journal = {The Annals of Mathematical Statistics}, 
  year = {1970}, 
  volume = {41},  
  number = {1}, 
  URL = {http://projecteuclid.org/euclid.aoms/1177697196}, 
}

@article{depmixS4,
    title = {{depmixS4}: An {R} Package for {H}idden {M}arkov {M}odels},
    author = {Ingmar Visser and Maarten Speekenbrink},
    journal = {Journal of Statistical Software},
    year = {2010},
    volume = {36},
    number = {7},
    pages = {1--21},
    url = {http://www.jstatsoft.org/v36/i07/}
}

@phdthesis{Hayward2013, 
  author = {Rob Hayward}, 
  title = {Towards a model of speculation in the foreign exchange market},
  school = {University of Brighton Business School},
  year = {2013},
} 

@article{Tapering, 
  title = {Impact of {F}ed Tapering Announcements on Emerging Markets}, 
  author = {Prachi Mishra and Kenji Moriyama and Papa M'B.P. N'Diaye},
  journal = {IMF Working Paper}, 
  volume = {14}, 
  number = {109}, 
  year = {2014}, 
  URL = {http://www.imf.org/external/pubs/cat/longres.aspx?sk=41655.0},
}

@article{FTS, 
  journal = {Finance and Economics Discussion Series}, 
  title = {Flights to Safety}, 
  author = {Lieven Baele and Greet Bekaert and Koen Inghelbrecht and Min Wei}, 
  volume = {2014}, 
  number = {46},
  year = {2014}, 
  URL = {http://www.federalreserve.gov/pubs/feds/2014/201446/201446abs.html},
}

@inproceedings{IFCMeasure,
  journal = {{IFC} Bulletin}, 
  volume = {31}, 
  title = {Measures of financial stability - a review}, 
  author = {Blaise Gadanecz and Kaushik Jayaram}, 
  year = {2008}, 
  booktitle = {Proceedings of the IFC COnfernece on Measuring Financial Innovation and its impact},
}


@article{dempster1977maximum,
  title={Maximum likelihood from incomplete data via the EM algorithm},
  author={Dempster, Arthur P and Laird, Nan M and Rubin, Donald B},
  journal={Journal of the Royal Statistical Society. Series B (Methodological)},
  pages={1--38},
  year={1977},
  publisher={JSTOR}
}

@article{Avdjiev2014, 
  author = {Stefan Avdjiev and Zheng Zeng}, 
  title = {Credit Growth, Monetary Policy, and Economic Activity in a Three-Regime TVAR Model}, 
  year = {2014}, 
  journal = {BIS Working Papers}, 
  number = {449}, 
  url = {http://www.bis.org/publ/work449.htm}
}

@article{Cerutti2014, 
  title = {Global Liquiity and Drivers of Cross-Border Bank Flows}, 
  author = {Eugenio Ceruttie and Stijn Claessens and Lev Ratnovski}, 
  journal = {IMF Working Paper}, 
  number = {69}, 
  year = {2014}, 
}

@conference{Rey2013, 
  author = {H. Rey}, 
  title = {Dilemma not Trilemma. The global financial cycle and monetary policy independence}, 
  year = {2013}, 
  booktitle = {Proceedings of the Federal Reseve Bank of Kansas City Economic Symposium in Jackson Hole},
url = {http://www.kansascityfed.org/publicat/sympos/2013/2013rey.pdf},
}

@unpublished{Obstfeld2014, 
  title = {Trilemmas and Tradeoffs - Living with Financial Globalization}, 
  author = {M. Obstfeld},
  year = {2014},
  note = {mimeo, University of Berkeley},
}

@article{Bruno2014, 
  title = {Cross-border banking and global liquidity}, 
  author = {Valentina Bruno and Hyun Song Shin},
  year = {2014},
  journal = {The Review of Economic Studies},
  volume = {82},
  number = {2},
  pages = {535-564},
}

@article{Ahmed2014,
title = "Capital Flows to Emerging Market Economies: A Brave New World? ",
journal = "Journal of International Money and Finance ",
volume = "",
number = "0",
pages = " - ",
year = "2014",
note = "",
issn = "0261-5606",
doi = "http://dx.doi.org/10.1016/j.jimonfin.2014.05.015",
url = "http://www.sciencedirect.com/science/article/pii/S0261560614000928",
author = "Shaghil Ahmed and Andrei Zlate"
}

@incollection{Bernanke1999Chapter,
    booktitle = {Handbook of Macroeconomics},
    pages = {1341--1393},
    title = {Chapter 21 The Financial Accelerator in a Quantitative Business Cycle Framework},
    author = {Ben Bernanke and Mark Gertler and Simon Gilchrist},
    volume = {1},
    number = {C},
    year = {1999},
}

@article{BernankeGertlerAgency,
  title = {Agency Costs, Net Worth and Business Fluctuations}, 
  author = {Ben Bernanke and Mark Gertler}, 
  journal = {American Economic Review}, 
  volume = {79}, 
  number = {1}, 
  pages = {14 - 31},
  year = {1989}
}

@article{Azaraidis, 
  title = {Financial Intermediation and Regime Switching in Busiess Cycles},
  author = {Costas Azaraidis and Bruce Smith},
  journal = {American Economic Review}, 
  volume = {88}, 
  number = {}, 
  pages = {516 - 536},
  year = {1998},
}

@article{BernankeGertler,
  title = {The Financial Accelerator and the Flight to Quality}, 
  author = {Ben Bernanke and Mark Gertler and Simon Gilchrist}, 
  journal = {Review of Economics and Statistics}, 
  year = {1996}, 
  number = {1},
  volume = {78},
  pages = {1 - 15},
}

@article{Balke, 
  title = {Credit and Economic Acivity: Creddit Regimes and Nonlinear Propogation of Shocks},
  journal = {The Review of Economics and Statistics}, 
  author = {Nathan S Balke},
  year = {2000}, 
  volume = {82}, 
  number = {2}, 
  pages = {344 - 349},
}

@article{DornbuschSS, 
  title = {Currenc Crises and Collapses}, 
  author = {Rudiger Dornbusch and Alejandro Werner},
  journal = {Brookings Papers in Economic Activity},
  year = {1995},
  number = {2},
  volume = {1995},
  pages = {219 - 293},
}

@book{KrugmanSS,
  year = {2000},
  title = {Currency Crises},
  editor = {Paul Krugman},
  publisher = {University of Chicago Press, Chicago},
}
 
@article{CalvoSS, 
  title = {Capital flows and capital-market crises {:} The simple economics of sudden stops}, 
  author = {Guillermo A. Calvo},
  journal = {Journal of Applied Economcs},
  volume = {1},
  number = {1},
  pages = {34 - 54},
  year = {1998},
}

@book{ReinhartRogoff,
  author = {C. Reinhart and K. Rogoff},
  title = {This Time is Different:  Eight Centuries of Financial Folly},
  publisher = {Princeton University Press, Princeton},
  year = {2009},
}

@book{FisherBD,
   author = {I. Fisher},
   title = {Booms and Depressions: Some First Principles},
   publisher = {Adelphi, New York},
   year = {1932},
}
 
@article{FisherDD,
   author = {I. Fisher},
   title = {The Debt-Deflation Theory of Great Depressions},
   year = {1933},
   journal = {Econometrica},
   volume = {1},
   number = {4},
   pages = {337-357},
}

@article{Schwartzavailability, 
  title = {Ease of retrival as information {:}Another look at the availability heuristic}, 
  journal = {Journal of Personality and Social Psychology}, 
  volume = {6}, 
  number = {2}, 
  year = {1991}, 
  pages = {195 - 202}, 
  author = {Helga Schwartz and Annette Simons}, 
}

@article{KTAvailability, 
  title = {Availability: A heuristic for judging frequency and probability}, 
  journal = {Cognitive Psychology}, 
  volume = {5}, 
  number = {2}, 
  year = {1973}, 
  author = {Amos Tversky and Daniel Kahneman}, 
  pages = {207 - 232}, 
}

@article{MertensSVAR,
  title = {The Dynamic Effects of Personal and Coroprate Income Tax Changes in the United States},
  author = {Karel Mertens, Morten O. Ravn},
  journal = {American Economic Review},
  volume = {103},
  number = {4}, 
  pages = {1212 - 1247},
  year = {2013},
  URL = {http://dx.doi.org/10.1257/aer.103.4.1212},  
}

@misc{NYFedtaper, 
  author = {Jan Groen and Richard Peck}, 
  title = {Risk aversion, global asset prices, and Fed tightening signals},
  URL = {http://libertystreeteconomics.newyorkfed.org/2014/03/risk-aversion-global-asset-prices-and-fed-tightening-signals-.html},
  year = {2014},
  booktitle = {Liberty Economics},
  publisher = {Federal Reserve Bank of New York},
}

@incollection{IMFLatam, 
  author = {Alexander Klemm, Andre Meier and Sebastian Sosa},
  booktitle = {{IMF}: Regional Economic Outlook: Western Hemisphere - Rising Challenges},
  title = {Taper Tantrum or Tedium: How will the normalization of {U}.{S}. monetary policy affect Latin-America and the Caribbean?},
  pages = {37 - 46},
  year = {2014},
  URL = {http://www.imf.org/external/pubs/ft/reo/2014/whd/eng/pdf/wreo0414.pdf},
}

@article{BrunnermeierBubble,
  author = {Markus Brunnermeier and Martin Oehmke},
  title = {Bubbles, Financial Crises and Systemic Risk},
  journal = {NBER Working Papers}, 
  number = {18398},
  year = {2012},
}


@book{Gabor,
  author = {Daniella Gabor},
  title = {Central Banking and Financialization: A {R}omanian account of how {E}astern {E}urope became subprime},
  publisher = {Palgrave, New York},
  year = {2011},
  series = {Studies in Economic transition},
}

 
@book{TalebSwan,
  author = {Nassim Nicholas Taleb},
  title = {The Black Swan: the impact of the highly improbable},
  publisher = {Penguin, London},
  year = {2007},
}

@article{Davidson2010,
  author = {Paul Davidson},
  title = {Black swans and {K}night's epistemological uncdertainty: are these concepts also underlying   behavioural and post-Walrasian theory?},
  journal = {Journal of Post {K}eynesian Economics},
  volume = {32},
  number = {4},
  year = {2010},
  pages = {567 - 571},
}



@article{Jens,
  author = {Jens H\"{o}lscher and Mariusz Jarmuek},
  title = {Overvalued of undervalued Euroland entry?},
  journal = {Post-Communist economies},
  volume = {17},
  number = {2},
  pages = {235 - 250},
  year = {2005},
}

@article{HauEquity,
  author = {Harald Hau and Helene Rey},
  title = {Exchange rates, equity prices and capital flows},
  journal = {Review of Financial Studies},
  year = {2006},
  volume = {19},
  number = {1}, 
  pages = {273 - 317},
}


@techreport{EBRD,
  title = {Recovery and reform},
  type = {Transition Report},
  institution = {EBRD},
  year = {2010},
  author = {Eric Berglof},
 }

@techreport{ONBcarry, 
  title = {Focus on European Economic Integration:  Foreign Currency Loans},
  institution = {Oesterreichische {N}atonal {B}ank},
  type = {Quarterly Focus},
  year = {2011}, 
  number = {Q1},
}

@article{Chinn2004,
  author = {M.D. Chinn and G. Meredith},
  year = {2004},
  title = {Monetary Policy and long-horizon uncovered interest parity},
  journal = {IMF Staff Papers},
  volume = {51},
  pages = {409 - 430},
}
 
@article{Bansal1999,
   author = {R. Bansal and M. Dahlquist},
   title = {The forward premium puzzle: different tales from developed and emerging economies},
  journal = {Journal of International Economics},
  volume = {51},
  number = {1},
  pages = {115 - 144},
  year = {1999},
}

@article{Roll2000,
  author = {R. Roll and S. Yan},
  title = {An explanation of the forward premium puzzle},
  journal = {European Financial Management},
  volume = {6},
  number = {2},
  year = {2000},
  pages = {121 - 148},
}

@article{Engel1996,
  author = {C. Engel},
  title = {The forward discount anomaly and the risk premium: A survey of recent evidence},
  journal = {Journal of Empirical Finance},
  volume = {3},
  number = {2},
  year = {1996},
  pages = {123 - 192},
}



@book{MinskyStabilising,
  author = {Hyman P. Minsky},
  title = {Stabilizing an Unstable Economy},
  publisher = {Yale University Press},
  year = {1986},
}

@book{MinskyKeynes, 
  author = {Hyman P. Minsky},
  title = {John Maynard Keynes},
  publisher = {Columbia University Press, NY},
  year = {1975},
}
 

@incollection{Frankel1986,
  author = {J. A. Frankel},
  year = {1986},
  title = {International Capital Mobility and Crowding out in the US economy: Imperfect integration of financial  markets or goods markets},
  booktitle = {How open is the US economy},
  editor = {R. Hafer}, 
  publisher = {Lexington Books},
}


 
@book{Kindleberger,
  author = {Charles P. Kindleberger},
  title = {Manias, Panics, and Crashes: A history of financial crises},
  publisher = {John Wiley and Sons, New York},
  year = {1978},
}


@article{Diamond, 
  author = {Richard V. Diamond},
  title = {Vix as a variance swap},
  url = {http://ssrn.com/abstract=2030292},
  year = {2012},
}

@article{GoldmanVol,
  author = {Kresimier Demeterfi and Emanuel Derman and Michael Kamal and Joseph Zou},
  title = {More than you ever wanted to know about volatility swaps},
  journal = {Goldman Sachs Quantitative Strategies Research Notes},
  year = {1999},
 } 

@misc{VIX,
  author = {{Chicago Board of Trade}},
  title = {The {VIX} White Paper},
  year = {2009},
  url = {http://www.cboe.com/micro/vix/vixwhite.pdf}
}

@article{BrennerGalai,
  author = {Menachem Brenner and Dan Galai},
  title = {New Financial Instruments for hedging changes in volatility},
  journal = {Financial Analysts Journal},
  volume = {45},
  number = {4},
  year = {1989},
  pages = {61-65},
}



@book{Gorton2013,
  author = {Garry B. Gorton},
  title = {Misunderstanding Financial Crises: Why we don't see them coming},
  year = {2012},
  publisher = {OUP, Oxford},
}
  


@Manual{xtable,
  title = {xtable: Export tables to LaTeX or HTML},
  author = {David B. Dahl},
  year = {2012},
  note = {R package version 1.7-0},
  url = {http://CRAN.R-project.org/package=xtable},
}



@article{SpronkEER,
  title = {Carry trade and foreign exchange rate puzzles},
  author = {Richard Spronk and Willem F.C. Vershoor and Remco C.J. Zwinkels},
  journal = {European Economic Review},
  volume = {60},
  pages = {17-31},
  year = {2013},
}

@incollection{NPpeso,
  title  =  "Peso problem",
  booktitle  =  "The New Palgrave Dictionary of Economics",
  author  =  "Lewis, Karen K.",
  editor  =  "Durlauf, Steven N. and Blume, Lawrence E.",
  year =  "2008",
  publisher  =  "Palgrave Macmillan",
  address  =  "Basingstoke",
}
  
@Manual{R,
      title = {R: A Language and Environment for Statistical
                       Computing},
       author  = {{R Core Team}},
       organization = {R Foundation for Statistical Computing},
       address      = {Vienna, Austria},
       year         = 2013,
       url          = {http://www.R-project.org}
 }


@article{Begg1998, 
  author = {D. Begg}, 
  title = {Pegging Out: Lessons from the Czech Exchange Rate Crisis},
  journal = {Journal of Comparative Economics},
  volume = {26}, 
  number = {4}, 
  year = {1998}, 
  pages = {669 - 690},
}
 
@book{Hodrick1987,
  author = {R. Hodrick},
  title = {The Empirical Evidence on the Efficiency of Forward and Futures Foreign Exchange Markets},
  publisher = {Harwood, New York},
  year = {1987},
}
  

@misc{IMFregime,
   author = {IMF},
  title = {Classification of Exchange Rate Arrangements and Monetary Policy Frameworks},
  year = {2009}, 
  publisher = {IMF}, 
  url = {http://www.imf.org/external/NP/mfd/er/index.aspx},
}

@article{HabibStracca,
  author = {M. Habib and L. Stracca},
  title = {Getting Beyond Carry Trade: What Makes a Safe Haven Currency?},
  journal = {Journal of International Economics},
  volume = {87},
  number = {1},
  year = {2012}, 
  pages = {50 - 64},
}

@article{GabrischOrlowski,
  author = {H. Gabrisch and L. Orlowski}, 
  title = {The Extreme Risk Problem for Monetary Policies of the Euro-Candidates},
  year = {2011},
  journal = {Comparative Economic Studies},
  volume = {53},
  pages = {511 - 534},
 }

@article{BrownDeHaas,
  author = {M. Brown and R. {De Haas}},
  title = {Foreign Currency Lending in Emerging Europe: Bank-Level Evidence},
  journal =  {EBRD Working Paper},
  number = {122},
  year = {2010},
}
 
@article{Korinek2011,
  author = {A. Korinek},
  title = {Hot money and Serial Financial Crises},
  journal = {IMF Economic Review},
  volume = {59},
  pages = {306 - 339},
  year = {2011},
}

@article{BrunnermeierLiquidity,
  author = {M. Brunnermeier and L. Pedersen},
  journal = {Review of Financial Studies},
  title = {Market Liquidity and Funding Liquidity},
  volume = {22},
  number = {6},
  year = {2009},
  pages = {2201 - 2238},
}

@article{BrunnermeierCarry,
  title = {Carry Trades and Currency Crashes},
   author = {M. Brunnermeier and S. Nagel and L. Pedersen},
   journal = {NBER Working Papers},
  number = {14473},
  year = {2008},
}

@article{JurekCrash,
  author = {J. Jurek},
  title = {Crash-Neutral Currency Carry Trades},
   journal = {AFA Atlanta Meetings Paper},
   year = {2007},
}

@article{FrootFrankelFDB,
   author = {K. Froot and J. A. Frankel},
   title = {Forward Discount Bias:  Is it an Exchange Rate Risk Premium?},
   journal = {Quarterly Journal of Economics},
  volume = {6},
  pages = {139 - 161},
  year = {1989},
}

@article{BilsonSpecEff,
   author = {J. Bilson},
   title = {The 'Speculative Efficiency' Hypothesis},
   journal = {The Journal of Business},
   volume = {54},
   number = {3},
   year = {1981},
  pages = {435-451},
}

@article{FrootUIP, 
   author = {K. Froot},
   title = {Short Rates and Expected Asset Returns},
   journal = {NBER Working Paper},
   number = {3247},
  year = {1990},
}

@article{FrootAnomolies, 
   author = {K. Froot and R. Thaler},
   title = {Anomolies: Foreign Exchange},
   journal = {The Journal of Economic Perspectives},
   volume = {4},
   number = {3},
   year = {1990},
   pages = {179 - 192},
}
  

@misc{BISFX,
   title = {Triennial Central Bank survey of Foreign Exchange and Derivatives Market Activity in 2010},
   author = {BIS},
   year = {2010},
   url = {http://www.bis.org/publ/rpfxf10t.htm},
}

@misc{BISFX13,
   title = {Triennial Central Bank survey of Foreign Exchange and Derivatives Market Activity in 2013},
   author = {BIS},
   year = {2013},
   url = {http://www.bis.org/publ/rpfxf13t.htm},
}


@incollection{MinskyFIH, 
   author = {H. P. Minsky},
   title = {The Financial Instability Hypothesis},
   booktitle = {Handbook of Radical Political Economy}, 
  year = {1992},
  editor = {P. Arestis, M. Sawyer},
  publisher = {Edward Elgar, Aldershot},
}
 
@article{FisherDebt,
  author = {I. Fisher},
  title = {The Debt Deflation Theory of Great Depressions},
  year = {1933},
  journal = {Econoometrica},
 }

@article{MinskyLongerWaves,
   author = {H. P.  Minsky},
   title = {Longer Waves in Financial Relations:  Financial Factors in the More Severe Depressions {II}},
   journal = {Journal of Economic Issues}, 
   volume = {29},
   number = {1},
   year = {1995},
}
   


@article{Brunnermeier2009Market,
    journal = {Review of Financial Studies},
    month = jun,
    number = {6},
    pages = {2201--2238},
    publisher = {Oxford University Press},
    title = {Market Liquidity and Funding Liquidity},
    volume = {22},
    year = {2009},
}

@article{BernnakeGertlerAgency,
  title = {Agency Costs, Net Worth and Business Fluctuations}, 
  author = {Ben Bernanke and Mark Gertler}, 
  journal = {American Economic Review}, 
  volume = {79}, 
  number = {1}, 
  pages = {14 - 31},
  year = {1989}
}

@article{Azaraidis, 
  title = {Financial Intermediation and Regime Switching in Busiess Cycles},
  author = {Costas Azaraidis and Bruce Smith},
  journal = {American Economic Review}, 
  volume = {88}, 
  number = {}, 
  pages = {516 - 536},
  year = {1998},
}

@article{Balke, 
  title = {Credit and Economic Acivity: Creddit Regimes and Nonlinear Propogation of Shocks},
  journal = {The Review of Economics and Statistics}, 
  author = {Nathan S Balke},
  year = {2000}, 
  volume = {82}, 
  number = {2}, 
  pages = {344 - 349},
}

@article{Schwartzavailability, 
  title = {Ease of retrival as information{:} Another look at the availability heuristic}, 
  journal = {Journal of Personality and Social Psychology}, 
  volume = {6}, 
  number = {2}, 
  year = {1991}, 
  pages = {195 - 202}, 
  author = {Helga Schwartz and Annette Simons}, 
}

@article{MertensSVAR,
  title = {The Dynamic Effects of Personal and Coroprate Income Tax Changes in the United States},
  author = {Karel Mertens, Morten O. Ravn},
  journal = {American Economic Review},
  volume = {103},
  number = {4}, 
  pages = {1212 - 1247},
  year = {2013},
  URL = {http://dx.doi.org/10.1257/aer.103.4.1212},  
}

@misc{NYFedtaper, 
  author = {Jan Groen and Richard Peck}, 
  title = {Risk aversion, global asset prices, and Fed tightening signals},
  URL = {http://libertystreeteconomics.newyorkfed.org/2014/03/risk-aversion-global-asset-prices-and-fed-tightening-signals-.html},
  year = {2014},
  booktitle = {Liberty Economics},
  publisher = {Federal Reserve Bank of New York},
}

@incollection{IMFLatam, 
  author = {Alexander Klemm, Andre Meier and Sebastian Sosa},
  booktitle = {{IMF}: Regional Economic Outlook: Western Hemisphere - Rising Challenges},
  title = {Taper Tantrum or Tedium: How will the normalization of {U}.{S}. monetary policy affect Latin-America and the Caribbean?},
  pages = {37 - 46},
  year = {2014},
  URL = {http://www.imf.org/external/pubs/ft/reo/2014/whd/eng/pdf/wreo0414.pdf},
}

@article{KTAvailability, 
  title = {Availability: A heuristic for judging frequency and probability}, 
  journal = {Cognitive Psychology}, 
  volume = {5}, 
  number = {2}, 
  year = {1973}, 
  author = {Amos Tversky and Daniel Kahneman}, 
  pages = {207 - 232}, 
}

@article{DL,
  title = {Dynamic models for dynamic theories: the ins and outs of lagged dependent variables},
  author = {Luke Keele and Nathan J. Kelly},
  journal = {Political Analysis},
  volume = {14},
  number = {2},
  pages = {186-205},
  year = {2006},
}

@incollection{Kouri1977,
  author = {Pentti J. K. Kouri},
  title = {International investment and interest rate linkages under flexible exchange rates},
  booktitle = {The political economy of monetary reform},
  editor = {Robert Z. Aliber},
  publisher = {Macmillan, London},
 year = {1977},
} 

@article{SachsCA,
  author = {Jeffrey Sachs},
  title = {The current account in the macroeconomic adjustment process},
  journal = {The Scandinavian Journal of Economics},
  volume = {84},
  number = {2},
  year = {1982},
  pages = {147-159},
}

@article{SachsDutch,
  author = {Michael Bruno and Jeffrey Sachs},
  title = {Energy and Resource Allocation: A Dynamic Model of the '{D}utch Disease'},
  journal = {Review of Economic Studies},
  volume = {49},
  year = {1982},
  pages = {845-859},
}

@incollection{Hodrick1988,
  author = {Robert Hodrick},
  title = {The empirical evidence on the efficiency of forward and futures foreign exchange markets},
  publisher = {Harwood Academic Publishers, Switzerland},
 year = {1988},
  booktitle = {Foundations of Pure and Applied Economics},
}

@book{Woodford2003, 
  author = {Michael Woodford},
  title = {Interest and Prices:  Foundations of a Theory of Monetary Policy},
  publisher = {Princeton University Press},
  year = {2003},
}
  
@book{Gorton,
  author = {Gary B. Gorton},
  title = {Slapped in the face by the invisible hand: banking and the panic of 2007},
  publisher = {OUP, Oxford},
  year = {2010},
}

@article{Drehmann,
  author = {Mathias Drenhamm and Mikael Juselius},
  title = {Evaluating early warning indicators of banking crisis: Satisfying policy requirements},
  journal = {BIS Working Papers},
  number = {421},
  year = {2013},
}

@book{RinAction,
  author = {Robert I Kabacoff},
  title = {R in Action},
  year = {2011},
  publisher = {Manning},
 } 
  
@article{BrunnermeierBubble,
  author = {Markus Brunnermeier and Martin Oehmke},
  title = {Bubbles, Financial Crises and Systemic Risk},
  journal = {NBER Working Papers}, 
  number = {18398},
  year = {2012},
}

@article{Ellsberg1961,
  author = {Daniel},
  title = {Risk, Ambiguity, and the {S}avage Axioms},
  journal = {Quarterly Journal of Economics},
  volume = {75},
  pages = {643-669},
  year = {1961},
}
 
@article{Camerer,
  author = {Colin Camerer and Martin Weber},
  title = {Recent developments in modeling preferences: uncertainty and ambiguity},
  journal = {Journal of Risk and Uncertainty},
  year = {1992},
  volume = {5},
  pages = {325 - 370},
}

@misc{FlashCrash,
  title = {Findings regarding the market events of {M}ay 6, 2010},
  year = {2010},
  publisher = {Securities and Exchange Commission},
  url = {http://www.lbl.gov/cs/html/CIFT-LBL-report.pdf}
}

@misc{Knight,
  author = {Ben Rooney and Hiban Yousef},
  title = {Knight's bizarre trades rattle markets},
  year = {2012},
  url = {http://buzz.money.cnn.com/2012/08/01/trading-glitch/?iid=H_MKT_News},
  publisher = {CNN},
}

@book{KoopBayes,
  author = {Gary Koop},
  title = {Bayesian Econometrics},
  publisher = {Wiley, New York},
  year = {2003},
}

@book{Gabor,
  author = {Daniella Gabor},
  title = {Central Banking and Financialization: A {R}omanian account of how {E}astern {E}urope became subprime},
  publisher = {Palgrave, New York},
  year = {2011},
  series = {Studies in Economic transition},
}

@article{TaylorTechnical,
  author = {Mark P Taylor and Helen Allen},
  title = {The use of technical analysis in the foreign exchange market},
  journal = {Journal of International Money and Finance},
  volume = {11},
  number = {3},
  pages = {304 - 314},
  year = {1992},
}

@article{NeelyWeller,
  author = {Christopher J. Neely and Paul A. Weller},
  title = {Technical Analysis in the Foreign Exchange Market},
  journal = {Federal Reserve Bank of St. Louis Working Paper},
  number = {001B},
  year = {2011},
}
 
@book{TalebSwan,
  author = {Nassim Nicholas Taleb},
  title = {The Black Swan: the impact of the highly improbable},
  publisher = {Penguin, London},
  year = {2007},
}

@article{Davidson2010,
  author = {Paul Davidson},
  title = {Black swans and {K}night's epistemological uncdertainty: are these concepts also underlying   behavioural and post-Walrasian theory?},
  journal = {Journal of Post {K}eynesian Economics},
  volume = {32},
  number = {4},
  year = {2010},
  pages = {567 - 571},
}

@article{Hicks1962,
  author = {J. R. Hicks},
  title = {Liquidity},
  journal = {Economic Journal},
  volume = {72}, 
  number = {288},
  pages = {787-802},
  year = {1962},
}

@article{Engle1987,
  author = {Robert F. Engle and David M. Lilien and Russell P. Robins},
  title = {Estimating time varying risk premia in the term structure: the {ARCH-M} model},
  journal = {Econometrica},
  volume = {55},
  number = {2}, 
  year = {1987},
  pages = {391 = 407},
}

@article{Bollerslev1986,
  author = {Tim Bollerslev},
  title = {Generalized Conditional Autoregressive Conditional Hetroscedasticity},
  journal = {Econometrica},
  volume = {31},
  number = {3},
  year = {1986},
  pages = {307 - 327},
}

@article{Engle1982,
  title = {Autoregressive conditional hetroscedasticity with estimates of the variance of United Kingdom inflation},
  author = {Robert F. Engle},
  journal = {Econometrica},
  volume = {50},
  number = {4},
  year = {1982},
  pages = {987 - 1007}
}

@article{LoMacKinlay1990,
    title = {An econometric analysis of nonsynchronous trading},
   author = {Andrew W. Lo and A Craig MacKinlay},
  journal = {Journal of Econometrics},
  volume = {45},
  number = {1-2},
  pages = {181 - 211},
  year = {1990},
}

@article{Jens,
  author = {Jens H\"{o}lscher and Mariusz Jarmuek},
  title = {Overvalued of undervalued Euroland entry?},
  journal = {Post-Communist economies},
  volume = {17},
  number = {2},
  pages = {235 - 250},
  year = {2005},
}

@article{Heering,
  title = {A suggestion for generalizing the subjectivistic theory of probability},
  author = {Walter Heering},
  journal = {APT Papers},
  year = {1996},
}

@article{BradyKeynes,
  author = {Michael Emmett Brady},
  title = {J.{M}. {K}eynes's Theoretical Approach to Decision-Making under Conditions of Risk and Uncertainty},
  journal = {The British Journal of the Philosophy of Science},
  volume  = {44},
  number = {2},
  pages = {357-376},
  year = {1993},
}

@article{onions,
  author = {Rodger W. Gray},
  title = {Onions Revisited},
  journal = {Journal of Farm Economics},
  volume = {45},
  number = {2},
  year = {1963},
  pages = {273 - 276},
}

@techreport{EBRD,
  title = {Recovery and reform},
  type = {Transition Report},
  institution = {EBRD},
  year = {2010},
  author = {Eric Berglof},
 }

@techreport{ONBcarry, 
  title = {Focus on European Economic Integration:  Foreign Currency Loans},
  institution = {Oesterreichische {N}atonal {B}ank},
  type = {Quarterly Focus},
  year = {2011}, 
  number = {Q1},
}

@article{Chinn2004,
  author = {M.D. Chinn and G. Meredith},
  year = {2004},
  title = {Monetary Policy and long-horizon uncovered interest parity},
  journal = {IMF Staff Papers},
  volume = {51},
  pages = {409 - 430},
}
 
@article{Bansal1999,
   author = {R. Bansal and M. Dahlquist},
   title = {The forward premium puzzle: different tales from developed and emerging economies},
  journal = {Journal of International Economics},
  volume = {51},
  number = {1},
  pages = {115 - 144},
  year = {1999},
}

@article{Roll2000,
  author = {R. Roll and S. Yan},
  title = {An explanation of the forward premium puzzle},
  journal = {European Financial Management},
  volume = {6},
  number = {2},
  year = {2000},
  pages = {121 - 148},
}

@article{Engel1996,
  author = {C. Engel},
  title = {The forward discount anomaly and the risk premium: A survey of recent evidence},
  journal = {Journal of Empirical Finance},
  volume = {3},
  number = {2},
  year = {1996},
  pages = {123 - 192},
}

@article{Efron,
  author = {B. Efron},
  title = {Bootstrap methods: another look at the jacknife},
  journal = {The Annals of Statistics},
  volume = {7},
  number = {1},
  year = {1979},
  pages = {1 - 25},
}

@article{Evolutionary,
   author = {John Foster and J. Stan Metcalf},
  title = {Economic emergence: An evolutionary economic perspective},
  journal = {Journal of Economic Behavior and Organization},
  volume  = {82},
  pages = {420 - 432},
  year = {2012},
}

@article{BrownCUSUM,
  author = {R. L. Brown and J. Durbin and J.M. Evans},
  title = {Techniques for testing the constancy of regression techniques over time},
  journal = {Journal of the Royal Statistical Society:  Series B (Methodological)},
  volume = {37},
  number = {2},
  year = {1975},
  pages = {149 - 192},
}

@article{strucchange,
  author = {A Zeileis and F. Hornik and K. Kleiber},
  title = {Strucchange.  An {R} package for testing for structural change in linear regression models},
  journal = {Journal of Statistical Software},
  volume = {7}, 
  number = {2},
  pages = {1-38},
  year = {2002},
  url = {http://www.jstatsoft.org/v07/i02/.}
}
 
@article{JB1987,
   author = {Carlos Jarque and Anil Bera},
  title = {Tests for normality  of observations and regression residuals},
  journal = {International Statistical Review},
  volume = {55}, 
  number = {22},
  pages = {164 - 172},
  year = {1987},
}

@article{JB1981,
   author = {Carlos Jarque and Anil Bera},
  title = {Efficient tests for normality,  homoscedasticity and serial independence of regression residuals: Monte Carlo Evidence},
  journal = {Economic Letters},
  volume = {7}, 
  number = {4},
  pages = {313 - 318},
  year = {1981},
}

@article{JB1980,
   author = {Carlos Jarque and Anil Bera},
  title = {Efficient tests for normality,  homoscedasticity and serial independence of regression residuals},
  journal = {Economic Letters},
  volume = {6}, 
  number = {3},
  pages = {255 - 259},
  year = {1980},
}
  
@article{EG,
  author = {David Edgerton and Ghazi Shukur},
  title = {Testing autocorrelation in a system perspective},
  journal = {Econometric Reviews},
  volume = {18},
  number = {4},
  pages = {343-386},
  year = {1999},
}

@article{Fair1970,
  author = {Ray C. Fair},
  title = {The estimation of simultaneous equation models with lagged endogenous variables and first order serially correlated errors},
  journal = {Econometrica},
  volume = {38},
  number = {3},
  pages = {507-516},
  year = {1970},
}

@article{Haavelmo1943,
  title = {The statistical implications of  a system of simultaneous equations},
  author = {Trygve Haavelmo},  
  journal = {Econometrica},
  volume = {11},
  number = {1},
  pages = {1 - 12},
  year = {1943},
}
 
@article{Working1925,
  author = {Holbrook Working},
  title = {The statistical determination of demand curves},
  journal = {The Quarterly Journal of Economics},
  volume = {39}, 
  number = {4},
  pages = {503-543},
  year = {1925},
}

@article{Gilovichhothands,
  author = {Tomas Gilovich and Robert Vallone and Amos Tversky},
  title = {The hot hands in basketball: on the misperception of random sequences},
  journal = {Cognitive Psychology},
  volume = {17},
 year = {1985},
 page = {295 - 314},
}

  
@article{McCulley,
  author = {P. McCulley},
  title = {The Shadow Banking system and {H}yman {M}insky's economic journey},
  journal = {Global Central Bank Focus},
  year = {2009}, 
}

@book{MinskyStabilising,
  author = {Hyman P. Minsky},
  title = {Stabilizing an Unstable Economy},
  publisher = {Yale University Press},
  year = {1986},
}

@book{MinskyKeynes, 
  author = {Hyman P. Minsky},
  title = {John Maynard Keynes},
  publisher = {Columbia University Press, NY},
  year = {1975},
}
 
@article{Pomeranets2012,
   author = {Anna Pomeranets},
  title = {Financial Transaction Taxes: International experiences, issues and feasibility},
  journal = {Bank of Canada Review},
  number = {Autumn},
  year = {2012},
}

@article{Masciandaro2013,
  author = {Donato Masciandaro and Francesco Passarelli},
  title = {Financial Systemic Risk:  taxaton or regulation},
  journal = {Journal of Banking and Finance},
  volume = {37},
  number = {2},
  pages = {587 - 596},
  year = {2013},
}
 
@article{CutlerNews,
  author = {David M. Cutler and James M. Porterba and Lawrence R. Summers},
  title = {What Moves Stock Prices:  Moves in stock prices reflect something other than news about fundamental values},
  journal = {The Journal of Portfolio Management},
  year = {1986},
  volume = {15},
  number = {3},
  pages = {4-12},
}

@article{RollOrange,
  author = {Richard Roll},
  title = {Orange Juice and Weather},
  journal = {American Economic Review},
  volume = {74},
  number = {5},
  year = {1984},
  pages = {541 - 566},
}

@article{Steely2013,
  author = {Patricia L. Chelley-Steeley and Nikos Tsorakidis},
  title = {Bid-ask spread dynamics in foreign exchange markets},
  journal = {International Review of Financial Analysis},
  volume = {29},
  pages = {119 - 131},
  year = {2013},
}

@incollection{Frankel1986,
  author = {J. A. Frankel},
  year = {1986},
  title = {International Capital Mobility and Crowding out in the US economy: Imperfect integration of financial  markets or goods markets},
  booktitle = {How open is the US economy},
  editor = {R. Hafer}, 
  publisher = {Lexington Books},
}

@article{FrankelFroot1987,
   author = {J. A. Frankel and K.A. Froot},
   title = {Using survey data to test standard propositions regarding exchange rate expectations},
  journal = {American Economic Review},
  volume = {77},
  pages = {133 - 153},
  year = {1987},
}

@article{ZhouKutanPPP,
  title = {Is the evidence for {PPP} reliable? A sustainability examination of the stationarity of real exchange rates},
  author = {Su Zhou and Ali M. Kutan},
  journal = {Journal of Banking and Finance},
  volume = {35},
  year = {2011},
  pages = {2479 - 2490},
}

@book{VNeumannMorgenstern,
  author = {John {Von Neumann} and Oskar Morgenstern},
  title = {Theory of games and economic behaviour},
  publisher = {Princeton University Press, Princton},
  year = {1944},
}
 
@book{Kindleberger,
  author = {Charles P. Kindleberger},
  title = {Manias, Panics, and Crashes: A history of financial crises},
  publisher = {John Wiley and Sons, New York},
  year = {1978},
}

@article{AllenMorrisPostlewaite, 
  author = {F. Allen and S. Morris and A. Postlewaite},
    title = {Finite bubbles with short sale constraints and asymmetric information},
   journal = {Journal of economic theory},
  volume = {61},
  number = {2},
  year = {1993},
  pages = {206-229},
}

@incollection{BlanchardBubble,
  author = {O.J. Blanchard and M.W. Watson},
  title = {Bubbles, rational expectations and financial markets},
   booktitle = {Crises in the Economic and Financial Structure: Bubbles, Bursts, and Shocks},
  publisher = {D.C. Heath and Co.},
  editor = {P. Watchel},
  year = {1982},
}
 
@book{Sargent1986,
  title = {Rational expectations and inflation},
  author = {Thomas J. Sargent},
  publisher = {Harper and Row, New York},
 year = {1986},
}

@book{Lucas1987,
  title = {Models of the business cycle},
  author = {Robert E. Lucas},
  year = {1987},
  publisher = {Basil Blackwell, Oxford},
}

@book{Fischer1980,
  title = {Rational expectations and economic policy},
  author = {Stanley Fischer},
  year = {1980},
  publisher = {University of Chicago Press, Chicago},
 } 

@article{Chick1997,
  title = {Some reflections on financial fragility in banking and finance},
  author = {Victoria Chick},
  journal = {Journal of Economic Issues},
  volume = {31},
  number = {2}, 
  year = {1997},
  pages = {535 - 541},
}

@article{White1961,
  author = {John S. White},
  title = {Asymptotic expansions for the mean and variance of the serial correlation coefficient},
  journal = {Biometrika},
  year = {1961},
  volume = {48},
  number = {1 and 2},
  pages = {85 - 94},
}

@book{ShackleScheme,
  title = {A scheme of economic theory},
  author = {G.L.  Shackle},
  publisher = {Cambridge University Press},
  year = {1965},
}

@book{Myrdal1939,
  author = {Gunnar Myrdal},
  title = {Monetary Equilibrium},
  publisher = {W. Hodge, London},
  year = {1939},
}

@article{Minskybanking,
  title = {Financial instability and the decline of banking: public policy implications},
  author = {Hyman P. Minsky},
  journal = {Levy Institute Working Paper},
  number = {127},
  year = {1994},
}

@book{Patinkin1982,
  title = {Anticipations of the General Theory and other essays},
  author = {D. Patinkin},
  year = {1982},
  publisher = {Blackwell, Oxford},
}

@incollection{Kaleckicol,
  author = {D. Mario Nuti},
  title = {Kalecki and Keynes revisited:  two original approaches to demand-determined income - and much more besides},
  pages = {3 -- 9}, 
  booktitle = {Kalecki's Economics Today},
  editor = {Zdzislaw L. Sadowski and Adam Szeworski},
  publisher = {Routledge, London},
  year = {2004},
}

@article{Diamond, 
  author = {Richard V. Diamond},
  title = {Vix as a variance swap},
  url = {http://ssrn.com/abstract=2030292},
  year = {2012},
}

@article{GoldmanVol,
  author = {Kresimier Demeterfi and Emanuel Derman and Michael Kamal and Joseph Zou},
  title = {More than you ever wanted to know about volatility swaps},
  journal = {Goldman Sachs Quantitative Strategies Research Notes},
  year = {1999},
 } 

@misc{VIX,
  author = {{Chicago Board of Trade}},
  title = {The VIX White Paper},
  year = {2009},
  url = {http://www.cboe.com/micro/vix/vixwhite.pdf}
}

@article{BrennerGalai,
  author = {Menachem Brenner and Dan Galai},
  title = {New Financial Instruments for hedging changes in volatility},
  journal = {Financial Analysts Journal},
  volume = {45},
  number = {4},
  year = {1989},
  pages = {61-65},
}

@article{Chan1991, 
  author = {L. Chan and H. Hamao and J. Lakonishok},
  title = {Fundamentals and stock returns in {J}apan},
  journal = {The Journal of Finance},
  volume = {46},
  number = {5},
  year = {1991},
  pages = {1739 - 1764},
}

@article{LakonishokContrarian,
  author = {Josef Lakonishok and Andrei Shleifer and Robert W. Vishny},
  title = {Contrarian investment, Extrapolation and Risk},
  journal = {The Journal of Finance},
  volume = {49},
  number = {5},
  year = {1994},
  pages = {1541 - 1578},
}

@article{LeRoyMartingales,
  author = {Stephen F. Le{R}oy},
  title = {Efficient Capital Markets and Martingales},
  journal = {Journal of Economic Literature},
  volume = {27},
  year = {1989},
  pages = {1583 - 1621},
}

@incollection{KahnemanCabs,
  author = {D. Kahneman and A. Tversky},
  title = {Causal Schema in judgements under uncertainty},
  booktitle = {Progress in Social Psychology},
  year = {1980},
  editor = {Morris Fishbein},
  publisher = {Hillsdale, NJ},
  pages = {49 -72},
}

@article{Malmedier2005,
  author = {U. Malmedier and G. Tate},
  title = {C{E}{O} overconfidence and Corporate Investment},
  journal = {The Journal of Finance},
  volume = {60},
  number = {6},
  year = {2005},
 pages = {2661 - 2700},
}

@article{BenabouTirole2004,
  author = {R. Benabou and J. Tirole},
  title = {Willpower and Personal Rules},
  journal = {Journal of Political Economy},
  volume = {112},
  number = {4},
  year = {2004},
  pages = {848-886},
}

@article{BenabouTirole2002,
  author = {R. Benabou and J. Tirole},
  title = {Self-confidence and personal motivation},
  journal = {Quarterly Journal of Economics},
  volume = {117},
  number = {3},
  year = {2002},
  pages = {871-913},
}

@article{Primiceri,
  author = {Giordio E. Primiceri},
  title = {Time Varying Vector Structural Regressions and Monetary Policy},
  journal = {Review of Economic Studies},
  year = {2005},
  volume = {75},
   pages = {821 - 852},
}

@misc{BlanchardLSE,
  author = {Oliver Blanchard and Axel Weber},
  title = {What should policy makers and economists learn from the financial crisis?},
  journal = {LSE},
  year =  {2013},
  url={http://www2.lse.ac.uk/newsAndMedia/videoAndAudio/channels/publicLecturesAndEvents/player.aspx?id=1856},
}

@book{Gorton2013,
  author = {Garry B. Gorton},
  title = {Misunderstanding Financial Crises: Why we don't see them coming},
  year = {2012},
  publisher = {OUP, Oxford},
}
  
@article{BlinderPlan,
  author = {Alan Blinder},
  title = {Financial Collapse: A 10-Step Recovery Plan},
  journal = {New York Times},
  year = {2013},
  month = {{January 19}},
  url = {http://www.nytimes.com/2013/01/20/opinion/sunday/financial-collapse-a-10-step-recovery-plan.htm},
}

@misc{CGFSrating,
  title = {Rating in structured finance: what went wrong and what can be done to address shortcomings?},
  author = {{Committee on the Global Financial System Study Group}},
  year = {2008},
  journal = {CGSF Papers}, 
  number = {32},
 }

@article{BISCDO,
  title = {CDO rating methodology: Some thoughts on model risk and its implications},
  authors = {Ingo Fender and John Kiff},
  journal = {BIS Working Papers},
  number = {163},
  year = {2004},
}

@misc{ECBMoney,
  title = {E{CB} Monetary Aggregates},
  author = {{European Central Bank Statistics}},
  url = {http://www.ecb.int/stats/money/aggregates/aggr/html/index.en.html},
  year = {2013},
}

@misc{FedMoney,
  title = {Money Stock Measures (H6) Release},
  author = {{Federal Reserve Statistical Release}},
  url = {http://www.federalreserve.gov/releases/h6/current/h6.htm},
  year = {2013},
}

@article{DelNegroFRBNY,
  author = {M. {Del Negro} and C. Otrok}, 
  title = {Dynamic factor models with time varying parameters:  measuring changes in international business cycles},
  journal = {Federal Reserve Bank of New York Staff Report},
  number = {326},
  year = {2008},
 } 

@article{KoopMethods,
  author = {Garry Koop and Dimitris Korobilis},
  title = {Bayesian Multivariate Time Series},
  journal = {Foundations and Trends in Econometrics},
  volume = {3},
  number = {4},
  year = {2009},
  pages = {267 - 358},
}
 
@article{BIC,
  author = {Gideon Schwarz},
  title = {Estimating the Dimension of a Model},
  journal = {Annals of Statistics},
  volume = {6},
  number = {2},
  year = {1978}, 
 pages = {461 - 464},
}

@Manual{xtable,
  title = {xtable: Export tables to LaTeX or HTML},
  author = {David B. Dahl},
  year = {2012},
  note = {R package version 1.7-0},
  url = {http://CRAN.R-project.org/package=xtable},
}

@article{BlanchardQuah,
  author = {Oliver Blanchard and Danny Quah},
  title = {The Dynamic Effects of Aggregate Demand and Supply Disturbances},
  journal = {American Economic Review},
  volume = {79},
  number = {4},
  year = {1987},
 pages = {655-673}
}
  
@article{Bernanke1986,
  author ={Ben Bernanke},
  title = {Alternative Explanation of the Money-Income Correlation},
  journal = {NBER Working Papers},
  volume = {1842},
  year = {1986},
}


@article{Sims1986,
  author = {Christopher. A. Sims},
  title = {Are Forecasting Models Usable for Policy Analysis?},
  journal = {Federal Reserve Bank of Minneapolis Quarterly Review},
  volume = {10},
  number = {Winter},
  year = {1986},
  pages = {2 - 16},
} 

@book{Venables,
  title = {Modern Applied Statistics with S},
  author = {W. N. Venables and B.D. Ripley},
  publisher = {Springer},
  address = {New York},
  year = {2002},
}

@article{SpronkEER,
  title = {Carry trade and foreign exchange rate puzzles},
  author = {Richard Spronk and Willem F.C. Vershoor and Remco C.J. Zwinkels},
  journal = {European Economic Review},
  volume = {60},
  pages = {17-31},
  year = {2013},
}

@incollection{NPpeso,
  title  =  "Peso problem",
  booktitle  =  "The New Palgrave Dictionary of Economics",
  author  =  "Lewis, Karen K.",
  editor  =  "Durlauf, Steven N. and Blume, Lawrence E.",
  year =  "2008",
  publisher  =  "Palgrave Macmillan",
  address  =  "Basingstoke",
}
  
@article{RogoffDiss,
  title = {Tests of the martingale model for foreign exchange futures markets},
  author = {K. Rogoff},
  journal = {Massachusetts Institute of Technology},
  number = {Ph.D Dissertation},
  year = {1980},
}

@Manual{R,
      title = {R: A Language and Environment for Statistical
                       Computing},
       author  = {{R Core Team}},
       organization = {R Foundation for Statistical Computing},
       address      = {Vienna, Austria},
       year         = 2013,
       url          = {http://www.R-project.org}
 }

@article{BasuPE,
  title = {Investment performance of common stocks in relation to their price-earnings ratios: a test of the efficient market hypothesis},
  author = {Sanjoy Basu},
  journal = {Journal of Finance},
  volume = {32},
  number = {3},
  year = {1977},
  pages = {663-682},
}

@article{DeBondtAnalysts,
  title = {Do Security Analysts Overreact?},
  author = {W. F. M. {De Bondt} and Richard H. Thaler},
  journal = {American Economic Review},
  volume = {80},
  number = {2},
  year = {1990},
  pages = {52 - 57},
}

@article{Kahneman1973,
  title = {On the Psychology of Prediction},
  author = {Daniel Kahneman and Amos Tverskey},
  journal = {Psychological Review},
  volume = {80},
  number = {4},
  pages = {237 - 251},
  year = {1973},
}

@article{Instefjord,
  author = {N. Instefjord},
  title = {Risk and Hedging:  Do Credit Derivatives Increase Bank Risk?},
  journal = {Journal of Banking and Finance},
  volume = {29},
  number = {2},
  year = {2005},
  pages = {333 - 345},
}

@article{Mengle,
  author = {D. Mengle},
  title = {Credit Derivatives: An Overview},
  journal = {Federal Reserve Bank of Atlanta Ecoomic Review}, 
  volume = {Q4},
  year = {2007},
  }

@article{CDS,
  author = {Frank Heyde and Ulrike Neyer},
  title = {Credit Default Swaps and the Stability of the Banking Sector},
  journal = {International Review of Finance},
  volume = {10},
  number = {1},
  pages = {27 - 61},
 year = {2010},
}

@article{ChinaNDF,
  author = {Hung-Gay Fung and Wai L. Leung and Jiang Zhu},
  title = {Nondeliverable Forward Market for {C}hinese {RMB}: a First Look},
  journal = {China Economic Review},
  volume = {15},
  number = {3},
  year = {2004},
  pages = {348 - 352},
}

@book{KeynesTP,
  author = {John Maynard Keynes},
  title = {Treaties on Probability},
  year = {1921},
  publisher = {McMillan, Cambridge},
}

@article{Begg1998, 
  author = {D. Begg}, 
  title = {Pegging Out: Lessons from the Czech Exchange Rate Crisis},
  journal = {Journal of Comparative Economics},
  volume = {26}, 
  number = {4}, 
  year = {1998}, 
  pages = {669 - 690},
}
 
@book{Hodrick1987,
  author = {R. Hodrick},
  title = {The Empirical Evidence on the Efficiency of Forward and Futures Foreign Exchange Markets},
  publisher = {Harwood, New York},
  year = {1987},
}
  
@article{Welch1951,
  author = {B. Welch},
  title = {On the Comparison of Several Mean Values: An Alternative Approach},
  journal = {Biometrika},
  volume = {38},
  pages = {330 - 336},
  year = {1951},
}

@misc{IMFregime,
   author = {IMF},
  title = {Classification of Exchange Rate Arrangements and Monetary Policy Frameworks},
  year = {2009}, 
  publisher = {IMF}, 
  url = {http://www.imf.org/external/NP/mfd/er/index.aspx},
}

@article{HabibStracca,
  author = {M. Habib and L. Stracca},
  title = {Getting Beyond Carry Trade: What Makes a Safe Haven Currency?},
  journal = {Journal of International Economics},
  volume = {87},
  number = {1},
  year = {2012}, 
  pages = {50 - 64},
}

@article{GabrischOrlowski,
  author = {H. Gabrisch and L. Orlowski}, 
  title = {The Extreme Risk Problem for Monetary Policies of the Euro-Candidates},
  year = {2011},
  journal = {Comparative Economic Studies},
  volume = {53},
  pages = {511 - 534},
 }

@article{BrownDeHaas,
  author = {M. Brown and R. {De Haas}},
  title = {Foreign Currency Lending in Emerging Europe: Bank-Level Evidence},
  journal =  {EBRD Working Paper},
  number = {122},
  year = {2010},
}
 
  
@article{BrunnermeierLiquidity,
  author = {M. Brunnermeier and L. Pedersen},
  journal = {Review of Financial Studies},
  title = {Market Liquidity and Funding Liquidity},
  volume = {22},
  number = {6},
  year = {2009},
  pages = {2201 - 2238},
}

@article{BrunnermeierCarry,
  title = {Carry Trades and Currency Crashes},
   author = {M. Brunnermeier and S. Nagel and L. Pedersen},
   journal = {NBER Working Papers},
  number = {14473},
  year = {2008},
}

@article{FrootFrankelFDB,
   author = {K. Froot and J. A. Frankel},
   title = {Forward Discount Bias:  Is it an Exchange Rate Risk Premium?},
   journal = {Quarterly Journal of Economics},
  volume = {6},
  pages = {139 - 161},
  year = {1989},
}

@article{BilsonSpecEff,
   author = {J. Bilson},
   title = {The 'Speculative Efficiency' Hypothesis},
   journal = {The Journal of Business},
   volume = {54},
   number = {3},
   year = {1981},
  pages = {435-451},
}

@article{FrootUIP, 
   author = {K. Froot},
   title = {Short Rates and Expected Asset Returns},
   journal = {NBER Working Paper},
   number = {3247},
  year = {1990},
}

@article{FrootAnomolies, 
   author = {K. Froot and R. Thaler},
   title = {Anomolies: Foreign Exchange},
   journal = {The Journal of Economic Perspectives},
   volume = {4},
   number = {3},
   year = {1990},
   pages = {179 - 192},
}
  
@article{eventstudies,
    title = {Eventstudies: Infrastructure for Performing Event Studies with {R}},
    author = {Ajay Shah and Ashim Kapoor and Vimal Balasubramaniam},
    journal = {Journal of Statistical Software},
    year = {2011},
}

@article{FuturesSanders,
  author = {D. Sanders and K. Boris and M. Manfredo},
  title = {Hedgers, Funds and Small Speculators in the Energy Futures Market: An Analysis of the {CFTC}'s Commitments of Traders Reports},
  journal = {Energy Economics},
  volume = {26}, 
  year = {2004},
  pages = {425 - 445},
}

@article{FuturesWang, 
  author = {C. Wang},
  title = {Futures Trading Activity and Predictable Foreign Exchange Market Movements},
  journal = {Journal of Banking and Finance},
  volume = {28},
  year = {2004},
  pages = {1023 - 1041},
}

@article{RiskReverse,
  author = {C. Dunis and P. Lequeux},
  title = {The Information Content of Risk Reversals},
  journal = {Centre for International Banking Economics and Finance Working Paper},
  year = {2001},
} 

@article{Global,
  author = {K. Kapner},
  title = {Risk Reversals},
  journal = {Global Financial Markets Institute},
  year = {2006},
 }

@article{Jagadeesh, 
  author = {N. Jagadeesh and S. Titman},
  title = {Returns to Buying Winners and Selling Losers: Implications for Stock Market Efficiency},
  journal = {The Journal of Finance},
  year = {1993}, 
  volume = {48}, 
  number = {1}, 
  pages = {65 - 91},
}

@article{ChirasManaster,
  author = {D. Chiras and S. Manaster},
  title = {The Information Content of Option Prices and a Test of Market Efficiency},
  journal = {Journal of Financial Economics},
  volume = {6},
  number = {2/3},
  year = {1978},
 pages = {213 - 234},
}

@article{Galai1978,
  author = {D. Gali},
  title = {Empirical Tests of Boundary Conditions for {CBOE} Options},
  journal = {Journal of Financial Economics},
  volume = {6},
  number = {2/3},
  year = {1978},
  pages = {187 - 211},
}

@article{Thompson1978,
  author = {R. Thomson},
  title = {The Information Content of Discounts and Premiums on Closed-end Fund Shares},
  journal = {Journal of Financial Economics},
  volume = {6},
  number = {2/3},
  year = {1978},
  pages = {151 - 168},
}

@article{Watts1978,
  author = {R. Watts},
  title = {Systematic 'Abnormal' Returns After Quarterly Earnings Announcements},
  journal = {Journal of Financial Economics},
  volume = {6},
  number = {2/3},
  year = {1978},
  pages = {127 - 150},
}

@article{Ball1978,
  author = {R. Ball},
  title = {Anomolies in Relationships Between Securities' Yields and Yield-surrogates}, 
  journal = {Journal of Financial Economics},
  volume = {6}, 
  number = {2/3},
  pages = {103 - 126},
  year = {1978},
}

@article{Tovar, 
 author = {C. Tovar},
 title = {{DSGE} and Central Banks},
  journal = {BIS Working Papers},
  number = {258},
  year = {2008},
}

@article{Fattouhoil,
  author = {B. Fattouh and L. Kilian and D. Murphy},
  title = {The Role of Speculation in the Oil Markets:  What have we Learned so Far?},
  journal = {CEPR Discussion Papers},
  number = {8928},
  year = {2012},
}

@article{Fedoil,
  author = {L. Juvenal and I. Petrella},
  title = {Speculation in the Oil Market},
  journal = {Federal Reserve Bank of St. Louis Working Paper},
  number = {027E},
  year = {2011},
}

@article{ThalerWinner,
  author = {R. Thaler},
  title = {Anomolies:  The Winner's Curse},
  journal = {Journal of Economic Perspectives},
  year = {1988},
  volume = {2},
  number = {1},
  pages = {191 - 202},
}

@article{SMRShocks,
  author = {L. Christiano and R. Motto and M. Rostagno},
  title = {Risk Shocks},
  journal = {NBER Working Paper},
  number = {18682},
  year = {2013},
}

@article{SWECB,
  author = {F. Smets and R. Wouters},
  title = {An Estimated Stochastic, Dynamic, General Equilibrium Model of the Euro Area},
  journal = {ECB Working Paper},
  number = {171},
  year = {2002},
}
 
@book{Fontana,
  editor  = {E. Brancaccio and G. Fontana},
  title = {The Global Economic Crisis: New Perspectives on the Critique of Theory and Polilcy},
  year = {2011},
  publisher = {Routledge}
}   

@article{GordonGrowth, 
  author = {R. Gordon},
  title = {Is {US} Economic Growth Over?  Faltering Innovation Confronts Six Headwinds},
  journal = {Centre for Economic Policy Research Policy Insight},
  number = {63},
  year = {2012},
}

@book{TylerCowen, 
  author = {Tyler Cowen},
  title = {The Great Stagnation: How America Ate All the Low Hanging Fruit of Modern History, Got Sick, and Will (Eventually) Feel Better},
  year = {2010},
  publisher = {Penguin, New York},
}

@book{ReinhartRogoff,
  author = {C. Reinhart and K. Rogoff},
  title = {This Time is Different:  Eight Centuries of Financial Folly},
  publisher = {Princeton University Press, Princeton},
  year = {2009},
}

@book{MarxCapital,
  author = {K. Marx},
  title = {Das Capital: A Critique of Political Economy},
  year = {1867},
  publisher = {Meissner, Hamburg},
}

@book{SchumpeterCapitalism,
   author = {J. A. Schumpeter},
  title = {Capitalism, Socialism and Democracy},
  year = {1943}, 
  publisher = {George Allen and Unwin},
 }

@book{SchumpeterTheory,
  author = {J. A. Schumpeter},
  title = {The Theory of Economic Development: An Inquiry into Profits, Capital, Credit, Interest and the Business Cycle},
  year = {1934},
  publisher = {OUP, New York},
}

@article{Keynes1923Tract,
    author = {J. M. Keynes},
    location = {London},
    publisher = {MacMillan},
    title = {A Tract on Monetary Reform},
    year = {1923},
}

@article{Taylor1980,
  author = {J. B. Taylor},
  title = {Aggregate Dynamics and Staggered Contracts},
  journal = {Journal of Political Economy},
  volume = {88},
  number = {1},
  pages = {1-23},
  year = {1980},
}

@article{Calvo1983,
  author = {G. A. Calvo},
  title = {Staggered Prices in a Utility Maximizing Framework},
  journal = {Journal of Monetary Economics},
  volume = {12},
  number = {3},
  pages = {383 - 398},
  year = {1983},
}

@article{EvansRamey, 
  author = {G. Evans, G. Ramey},
  title = {Adaptive Expectations, Underparameterization and the Lucas Critique},
  journal = {Journal of Monetary Economics},
  volume = {53},
  number = {2},
  year = {2006},
  pages = {249 - 264},
}
  
@article{Brandon2005,
  author = {K. Brandon and F. Fernandez},
  title = {Financial Innovation and Risk Management:  An Introduction to Credit Derivatives},
  journal = {Journal of Applied Finance},
  year = {2005},
  pages = {52-63},
}

@article{Lopez2001,
  author = {J. A. Lopez},
  title = {Financial Instruments for Mitigating Credit Risk},
  journal = {FRBSF Economic Letter},
  year = {2001},
  number = {34},
}

@book{HicksHedge,
  author = {J. R. Hicks},
  title = {Value and Capital},
  publisher = {Clarendon Press, Oxford},
  year = {1946},
}

@book{KeynesHedge,
  author = {J. M. Keynes},
  title = {A Treaties on Money},
  booktitle = {The Applied Theory of Money},
  year = {1930},
  publisher = {Macmillan, London},
}

@article{GeanakoplosLeverage,
  author = {J. Geanakoplos},
  title = {The Leverage Cycle},
  journal = {Cowles Foundation Working Paper},
  number = {1304},
  year = {2010},
}

@article{BISWP395,
  author = {C. Corio},
  title = {The Financial Cycle and Macroeconomics: What have we learnt?},
  journal  = {BIS Working Paper},
  number = {39},
  year = {2012},
}

@article{Shackle1952,
  author = {G. Shackle},
  title = {On the Meaning and Measure of Uncertainty},
  journal = {Metroeconomica},
  year = {1952},
  volume = {4},
  number = {3}, 
 pages = {87 - 104},
}



@article{Hayek1945,
  author={F. Hayek},
  title = {The Use of Knowledge in Society},
  journal = {The American Economic Review},
  volume = {35},
  number = {4},
  year = {1945},
  pages = {518 - 530},
}

@article{RBC,
  author = {F. Kydland and E. Prescott},
  title = {Time to Build and Aggregate Fluctuations},
  journal = {Econometrica},
  volume = {50},
  number = {6},
  pages = {1345-1370},
  year = {1982},
}

@article{FamaFisherJensenRoll,
  author = {E. Fama and L. Fisher and M. Jensen and R. Roll},
  title = {The Adjustment of Stock Prices to New Information},
  journal = {International Economic Review},
  volume  = {10},
  number = {1},
  year = {1969},
  pages = {1-21},
}
@article{MyersBakay,
  author = {J. Myers and A. Bakay},
  title = {Influence of Stock Split-Ups on Market Price},
  journal = {Harvard Business Review},
  volume = {26},
  pages = {251 - 255},
  year = {1948},
  number = {2},
}

@article{Dolly1933,
  author = {J. Dolly}, 
  title = {Characteristics and Procedures of Common Stock Split-Ups},
  journal = {Harvard Business Review},
  volume = {11},
  number = {3}, 
  year = {1933},
  pages = {316 - 327},
}

@article{GarmanKohlhagan,
   author = {M. Garman and S. Kohlhagan},
   title = {Foreign Currency Option Values},
   journal = {Journal of International Money and Finance},
  volume = {2}, 
  year = {1983},
  number = {3},
  pages = {231 - 237},
}


@book{FrobesBehaviour,
  author = {W. Forbes},
  title = {Behavioural Finance},
  year = {2009},
  publisher = {John Wiley, Chichester},
}

@article{TobinLiquidity,
    author = {Tobin, J.},
    journal = {The Review of Economic Studies},
    number = {2},
    pages = {65 - 86},
    title = {Liquidity Preference as Behavior Towards Risk},
    volume = {25},
    year = {1958}
}

@incollection{ArrowRisk,
  author = {K. J. Arrow},
  title = {The Theory of Risk Aversion},
  booktitle = {Essays in the Theory of Risk Bearing},
  editor = {Y. Jahnssnionin},
  publisher = {Markham, Chicago},
  year = {1965},
}

@article{PrattCARA,
  author = {J. W. Pratt},
  title = {Risk Aversion in the Small and in the Large},
  journal = {Econometrica},
  volume = {32},
  number = {},
  year = {1964},
  pages = {122 - 136}
}

@article{Samuelson1958,
  author = {P. A. Samuelson},
  title = {An Exact Consumption-Loan Model of Interest With or Without the Social Contrivance of Money},
  journal = {Journal of Political Economy},
  volume = {66}, 
  number = {6}, 
  year = {1958},
  pages = {467 - 482},
}

@article{FrootChartists,
  author = {J. A. Frankel and K. Froot},
  title = {Chartists, Fundamentalists and Trading in the Foreign Exchange Market},
  journal = {The  America Economic Review},
  volume = {80},
  number = {2},
  pages = {181 - 185},
  year = {1990},
}

@article{GervaisOdean,
  author = {S. Gervais and T. Odean},
  title = {Learning to be Overconfident},
  journal = {Review of Financial Studies},
  year = {2001},
  volume = {14},
  number = {1},
  pages = {1 - 27},
}

@article{BarberOdean,
  author = {M. Barber and T. Odean},
  title = {Boys will be Boys:  Gender Overconfidence and Common Stock Investment},
  journal = {The Quarterly Journal of Economics},
  volume = {116},
  number = {1},
  year = {1998},
  pages = {261 - 292},
} 

@article{BlackNoise,
  author = {Fisher Black},
  title = {Noise},
  journal = {The Journal of Finance},
  volume = {41},
  number = {3},
  year = {1986},
  pages = {529-543}
}
 
@article{SteinOptions,
  author = {J. Stein},
  title = {Overreactions in the Options Market},
  journal = {The Journal of Finance},
  volume = {44},
  number = {4},
 pages = {1011-1022}, 
 year = {1989},
}

@article{BallBrown,
  author = {R. Ball and P. Brown},
  title = {An Empirical Evaluation of Accounting Income Numbers},
  journal = {Journal of Accounting Research},
  volume = {Autumn},
  year = {1968},
  pages = {159-178},
}

@incollection{BernardDrift,
  author = {V. Bernard},
  title = {Stock Price Reactions to Earnings Announcements},
  booktitle = {Advances in Behavioural Finance}, 
  editor = {R. Thaler},
  year = {1993}, 
  publisher = {Russll Sage Foundation, New York},
}


@article{Chopra1992, 
  author = {N. Chopra and J. Lakonishok and J. R. Ritter},
 title = {Measuring Abnormal Performance: Do Stocks Overreact?},
 journal = {Journal of Financial Economics},
 volume = {31},
 pages = {245 - 268},
 year = {1992},
}

@incollection{KahnemanUncertainty,
  author = {W. Edwards}, 
  title = {Conservatism in Human Information Processing},
  booktitle = {Judgment Under Uncertainty: Heuristics and Biases},
  year = {1982},
  editors = {D. Kahneman and P. Slovic and A. Tversky},
  publisher = {Cambridge University Press, Cambridge},
}

@article{Cootner1962,
  author = {P. Cootner},
  title = {Stock Prices:  Random vs Systematic Changes},
  journal = {Industrial Management Review},
  volume = {3},
  number = {2},
  year = {1962},
}
  
@article{Mandelbrot1971,
   author = {B. Mandelbrot},
   title = {When Can Price Be Arbitraged Efficiently?  A Limit to the Validity of Random Walk and Martingale Models},
  journal = {The Review of Economics and Statistics},
  volume = {53}, 
  number = {3},
  year = {1971},
  pages = {225 - 236},
}

@article{Mandelbrot1963,
   author = {B. Mandelbrot},
   title = {The Variation of Certain Speculative Prices},
   journal = {The Journal of Business},
   volume = {36}, 
   number = {4},
     pages = {394 - 419},
   year = {1963},
}

@article{CampbellGrossmanWang,
  author = {J. Campbell and S. Grossman and J. Wang},
  title = {Trading Volume and Serial Correlation in Stock Returns},
  journal = {Quarterly Journal of Economics},
  volume = {108},
  number = {4},
  year = {1993},
  pages = {905 - 939},
}

@article{LoMacKinlay1988,
  author = {A. W. Lo and A. C. MacKinlay},
  title = {Stock Market Prices Do Not Follow Random Walks:  Evidence from Specification Tests},
  journal = {Review of Financial Studies},
  volume = {1},
  number = {1},
  year = {1988},
  pages = {41 - 66},
}

@article{FrenchFamaPermanent,
   author = {E. Fama and K.  French},
   title = {Permanent and Temporary Components of Stock Prices},
   journal = {Journal of Political Economy},
   volume = {96},
   number= {2},
   year = {1988},
   pages = {246 - 273},
}


@article{Kendall1953,
  author = {M. G. Kendall},
  title = {The Analysis of Economic Time Series 1},
  year = {1953},
  journal = {Journal of the Royal Statistical Society}, 
  volume = {116},
  number = {1},
  pages = {11 - 25},
}

@article{Working1934,
  author = {H. Working},
  title = {A Random Difference Series for Use in the Analysis of Time Series},
  year = {1934},
  journal = {Journal of the American Statistical Association},
  volume = {29},
  number = {11},
}

@book{RAND,
  title = {A Million Random Digits with 100,000 Normal Deviations},
  publisher = {Free Press, Glencoe},
  year = {1953},
  author = {RAND},
}

@article{Roberts1959,
   author = {H. Roberts},
   title = {Stock Market  'Patterns' and Financial Analysis},
  journal = {Journal of Finance},
  volume = {14}, 
  number = {1},
  year = {1959},
  pages = {1 - 10},
}

@article{JensenEfficiency,
   author = {M. Jensen},
   title = {Some Anomalous Evidence Regarding Market Efficiency},
   year = {1978},
   journal = {Journal of Financial Economics},
   volume = {6},
   pages = {95 - 101},
}

@article{CootnerSpeculators,
  author = {P. Cootner},
  title = {Returns to Speculators: Telsner vs Keynes},
  journal = {Journal of Political Economy},
  year = {1960},
  volume = {68},
  number = {4},
  pages = {396 - 404},
}

@article{FamaStock,
  author = {E. Fama},
   title = {The Behaviour of Stock Market Prices},
   journal = {The Journal of Business},
  pages = {34-105},
   volume = {38},
   year = {1965},
}

@article{SamuelsonStockPrices,
   author = {P. A. Samuelson},
  title = {Proof that Properly Anticipated Stock Prices Fluctuate Randomly},
  journal = {Industrial Management Review},
  volume = {6},
  year = {1965},
  pages = {41-49},
}

@article{Osborne1959,
  author = {M. F. M. Osborne},
  title = {Brownian Motion in the Stock Market},
  journal = {Operations Research},
  volume = {7},
  number = {2},
 year = {1959},  
pages = {145 - 173},
}

@incollection{Bachelier1900,
  author = {L. Bachelier},
  booktitle = {The Random Character of Stock Prices},
  editor = {P. Cootner},
  pages = {17 - 78},
  title = {Theorie de la Speculation},
  year = {1900},
  school = {Annales Scientific de 'Ecole Normal Superieure},
  }

@article{DeBondtOver,
  title={Does the stock market overreact?},
  author={W. F. M. {De Bondt} and R. H. Thaler},
  journal={The Journal of Finance},
  volume={40},
  number={3},
  pages={793--805},
  year={1985},
 }

@article{Delong1990noise, 
   author = {Brad J. {De Long} and Andrei Shleifer and Lawrence H. Summers and Robert J. Waldmann},
    journal = {The Journal of Political Economy},
    number = {4},
    pages = {703--738},
    title = {Noise Trader Risk in Financial Markets},
    volume = {98},
    year = {1990},
}

@article{Sarno2006,
  author = {L. Sarno and G. Valente},
  title = {Deviations from Purchasing Power Power Parity Under Different Exchange Rate Regimes.  Do they Revert and if so How?},
   journal = {The Journal of Banking and Business},
   year = {2006},
   volume = {30},
   pages = {3147 - 3169},
}

@book{FisherBD,
   author = {I. Fisher},
   title = {Booms and Depressions: Some First Principles},
   publisher = {Adelphi, New York},
   year = {1932},
}
 
@article{FisherDD,
   author = {I. Fisher},
   title = {The Debt-Deflation Theory of Great Depressions},
   year = {1933},
   journal = {Econometrica},
   volume = {1},
   number = {4},
   pages = {337-357},
}

@misc{BISFX,
   title = {Triennial Central Bank survey of Foreign Exchange and Derivatives Market Activity in 2010},
   author = {BIS},
   year = {2010},
   url = {http://www.bis.org/publ/rpfxf10t.htm},
}

@article{SpenceSignaling,
    author = {M. Spence},
    title = {Job Market Signaling},
   journal = {The Quarterly Journal of Economics},
   volume = {87},
   number = {3},
   pages = {355-374},
   year = {1973},
}

@article{AkerlofLemons,
    author = {G. Akerlof}, 
    title = {The Market for Lemons: Quality Uncertainty and the Market Mechanism},
    year = {1970},
    journal = {Journal of Political Economy},
    volume = {84},
    number = {3},
    pages = {488-500},
}
 
@book{FriedmanConsumption,
   author = {M. Friedman},
   title = {Theory of the Consumption Function},
   year = {1957},
   publisher = {Princeton University Press, Princeton},
}


@book{Cagan1956,
   author = {P. Cagan},
   title = {The Monetary Dynamics of Inflation},
   booktitle = {Studies in the Quantity Theory of Money},
   editor = {M. Friedman},
   publisher = {University of Chicago Press, Chicago},
   year = {1956},
   page = {25-117},
}

@misc{McCulleyMarch2008, 
    author = {P. McCulley},
    title = {PIMCO's Cyclical Outlook and Investment Strategy},
    year = {2008},
    url =   {http://www.pimco.com/EN/Insights/Pages/Cyclical%20Outlook%20McCulley%20March%202008.aspx},
}

@book{Levy1983,
   author = {S. Levy and D. Levy}, 
   title = {Profits and the Future of American Society},
   year = {1983},
   publisher = {Basic Books, New York},
}


@book{Kalecki1965,
   author = {M. Kalecki},
   title = {Theory of Economic Dynamics},
   year = {1965},
   publisher = {Allen and Urwin, London},
}

@incollection{MinskyFIH, 
   author = {H. P. Minsky},
   title = {The Financial Instability Hypothesis},
   booktitle = {Handbook of Radical Political Economy}, 
  year = {1992},
  editor = {P. Arestis, M. Sawyer},
  publisher = {Edward Elgar, Aldershot},
}
 
@article{FisherDebt,
  author = {I. Fisher},
  title = {The Debt Deflation Theory of Great Depressions},
  year = {1933},
  journal = {Econoometrica},
 }

@article{MinskyLongerWaves,
   author = {H. P.  Minsky},
   title = {Longer Waves in Financial Relations:  Financial Factors in the More Severe Depressions {II}},
   journal = {Journal of Economic Issues}, 
   volume = {29},
   number = {1},
   year = {1995},
}
   
@article{TobinTax,
  author = {J. Tobin},
   title = {A Proposal for International Monetary Reform},
   journal = {Eastern Economic Journal},
   volume = {4},
   issue = {3-4},
   year = {1978},
}

@article{ShillerVol,
  author = {R. J. Shiller}, 
   title = {Do Stock Price Move Too Much to be Justified by Subsequent Changes in Dividends?},
   journal = {American Economic Review},
   volume = {71},
   number = {3},
  year = {1981},  
 pages = {421-436}
}
   
@book{IntelligentInvestor, 
   author = {B. Graham},
   title = {The Intelligent Investor},
   year = {1949},
   publisher = {Harper},
}

@book{ValueInvesting, 
  author = {B. Graham and D. Dodd},
  title = {Security Analysis: Principals and Techniques},
  year = {1934},
  publisher = {McGraw-Hill, New York},
}

@book{Sidelsky,
  author = {R. Sidelsky},
  title = {John Maynard Keynes: A Biography, vol 1, Hopes Betrayed 1883-1920},
  year = {1983},
  publisher = {Penguine, New York},
}

@book{KahnemanThinking, 
   author = {D. Kahneman},
   title = {Thinking fast and slow},
   year = {2012},  
   publisher = {Penguine, London},
}

@book{Knight1921, 
    author = {F. Knight},
    title = {Risk, Uncertainty and Profit},
    year = {1921},
    publisher = {Houghton Mifflin, Boston},
}
    
@book{Keynes1936, 
  author = {John Maynard Keynes},
  title = {The General Theory of Employment, Money and Interest}, 
  publisher = {Macmillan},
  year = {1936}, 
}


@incollection{FriedmanPositive,
  author={M. Friedman},
  title={The Case for Flexible Exchange Rates},
  publisher={University of Chicago Press},
  year={1953},
  booktitle={Essays in Positive Economics},
  pages={157-203},
}

@article{Sims1990Unit,
  author={Christopher. A.  Sims and J. Stock and M. W. Watson},
  title={Inference in Linear Time Series Models with some Unit Roots},
 journal={Econometrica},
 volume={58},
 pages={113-44},
 year={1990},
}
  

@misc{cot,
  author = {{CFTC}},
  title={{US} Commodity Futures Trading Commission: {COT}}},
  url={http://www.cftc.gov/marketreports/commitmentsoftraders/index.htm},
  year={2012},
}
 
@misc{BISbanking,
  author = {{BIS}},
  title={{BIS} Location Banking Statistics},
  url={http://www.bis.org/statistics/bankstats.htm},
  year={2012},
}

@misc{TIC,
  author = {{{US} Treasury}},
  title={Treasury International Capital ({TIC}) System},
  url={http://www.treasury.gov/resource-center/data-chart-center/tic/Pages/index.aspx},
  year={2014},
 }

@misc{website:bisdata,
title={BIS Statistics},
url={http://www.bis.org/statistics/index.htm},
year={2012},
}

@misc{website:imfportfolio,
 title={Coordinated Portfolio Investment Survey},
 author = {IMF},
 url={http://cpis.imf.org/},
 year={2012},
}


@misc{website:worldbankdebt,
  title={World Bank Quarterly External Debt Statistics},
  url={http://web.worldbank.org/datastatistics/extdecqeds},
  year={2012},
}  

@article{Devereux2011Portfolio,
  author={M. B. Devereux and A. Sutherland},
  title={Country Portfolios in Open Economy Macro Models},
  journal={Journal of the European Economic Association},
  volume={9},
  number={2},
  pages={337-369},
 year={2011},
}

@article{CordenNeary,
  author={W. M. Corden and J.P. Neary},
  title={Booming Sector and De-Industrialisation in a Small Open Economy},
  journal={The Economic Journal},
  volume={92},
  number={Dec},
  year={1982},
  pages={825-848},
}

@article{Evans2012Capital,
  author={Martin D. and Evans D. },
  title={International Capital Flows and Debt Dynamics},
  journal={IMF Working Paper},
  number={175},
  year={2012},
}

@article{StLouisFed,
  author={L. C. Andersen and J. L. Jordan},
  title={Monetary and Fiscal Actions: A Test of their Relative Importance in Economic Stabilizations},
  journal={Federal Reserve Bank of St. Louis Review},
  year={1968},
  pages={11-24},
}

@article{GrangerCause,
  author={Granger, C.W.J},
  title={Investigating Causal Relationships by Econometric Models and Cross-spectral Methods},
  journal={Econometrica},
  volume={37},
  number={3},
 pages={424-438},
 year={1969},
}

@book{Green,
  author={W. H. Green},
  title={Econometric Analysis},
  publisher={Prentice Hall},
  year={2003},
}

@book{HarveyTSM,
 author={A. C. Harvey},
 title={Time Series Models},
 publisher={Pearson},
 year={1993},
 }

@article{BoEdata,
  author={Chris Kubelec, Filipa Sa},
  title={The Geographical Composition of National External Balance Sheets: 1980-2005},
  journal={Bank of England Working Paper},
  number={384},
  year={2010},
}

@article{PLane2007,
 author={Philip R. Lane and Gian Maria Milesi-Ferretti},
 title={The External Wealth of Nations Part 2: Revised and Extended Estimates of Foreign Assets and Liabilities 1970-2004},
  year={2007},
  journal={Journal of International Economics},
  pages={223-250},
  Volume={73},
  number={2},
}

@article{Lane2001,
  author={P. R. Lane},
  title={The New Open Economy Macroeconomics: A Survey},
  journal={Journal of International Economics},
  volume={54},
  number={2},
  year={2001},
  pages={235-266},
}

@book{EndersTS,
  author={Walter Enders},
  title={Applied Econometric Time Series},
  edition={3},
  publisher={Wiley},
  year={2010}
}

@article{Branson1971,
  author={W. H. Branson and R.D. Hill},
  title={Capital Movements in the {OECD} Area},
  journal={OECD Economic Outlook},
  number={Occasional Studies},
  year={1971},
}

@book{Branson1968,
   author={W. H. Branson},
  title={Financial Capital Flows in the US Balance of Payments},
  publisher={Amsterdam},
  place={North Holland},
  year={1968},
}

@article{Kahneman1979Prospect,
    author = {D. Kahneman and A. Tversky},
    journal = {Econometrica},
    number = {2},
    pages = {263-291},
    title = {Prospect Theory: An Analysis of Decision under Risk},
    volume = {47},
    year = {1979},
}

@article{Fedtwi,
  author={M. Lorentan},
  title={Indexes of the Foreign Exchange Value of the Dollar},
  year={2005},
  journal={Federal Reserve Bulletin},
  number={Winter},
 }

@article{Siourounis2004Capital,
     author = {Gregorios Siourounis},
     journal = {Social Science Research Network Working Paper Series},
    title = {Capital Flows and Exchange Rates: An Empirical Analysis},
    year = {2004},
}

@book{Hamilton,
  title={Time Series Analysis},
  author={James D. Hamilton},
  publisher={Princton University Press},
  year={1994},
} 

@article{RogoffJournal,
  title={The Purchasing Power Parity Puzzle},
  author={Kenneth Rogoff},
  journal={The Journal of Economic Literature},
  volume={34},
  year={1996},
  pages={647-648},
}

@article{Godfrey1978,
  author = {L.G. Godfrey},
  title = {Testing against general autoregressive and moving average error models when the regressors include lagged dependent variables},
    journal = {Econometrica},
  volume = {46},
  pages = {1293 - 1302},
  year = {1978},
  number = {6},
}

@article{Breusch1979,
  author = {T. S. Breusch},
  title = {Testing for autocorrelation in dynamic linear models},
  journal = {Australian economic papers},
  volume = {17},
  number = {31},
 pages = {334 - 355},
  year = {1979},
}
 
@article{Obstfeld1995Redux,
  title={Exchange Rate Dynamics Redux},
  author={M. Obstfeld and K. Rogoff},
 journal={The Journal of Political Economy},
 volume={103},
 number={3},
  year={1995},
 pages={624-660},
}

@article{Bilson1978Money,
  title={The Monetary Approach to the Exchange Rate: Some Empirical Evidence},
  author={John F. Bilson},
  year={1978},
  journal={IMF Staff Papers},
  volume={25},
  number={1},
}

@article{TaylorPPP,
  title={Purchasing Power Parity},
  author={Mark P. Taylor},
  journal={Review of International Economics},
  volume={11},
  year={2003},
  pages={436-452},
 }

@article{BoxCox,
  title={An Analysis of Transformations},
  author={George E. P. Box and D. R. Cox},
  journal={Journal of the Royal Statistical Society},
  year={1964},
  volume={26},
  number={2},
  pages={211-252},
}

@Book{varsb,
  title = {Analysis of Integrated and Cointegrated Time Series with R},
  author = {B. Pfaff},
  publisher = {Springer},
  edition = {Second},
  address = {New York},
  year = {2008},
  note = {ISBN 0-387-27960-1},
  url = {http://www.pfaffikus.de},
}

@Article{varsa,
  title = {{V}{A}{R}, {SVAR} and {SVEC} Models: Implementation Within {R} Package {vars}},
  author = {Bernhard Pfaff},
  journal = {Journal of Statistical Software},
  year = {2008},
  volume = {27},
  number = {4},
  url = {http://www.jstatsoft.org/v27/i04/},
}  

@Manual{R,
    title = {R: A Language and Environment for Statistical Computing},
    author = {{R Development Core Team}},
    organization = {R Foundation for Statistical Computing},
    address = {Vienna, Austria},
    year = {2012},
    note = {{ISBN} 3-900051-07-0},
    url = {http://www.R-project.org/},
  }

@article{Liu1960Identification,
	author={{Ta-Chung} Liu},
	title={Underidentification, Structural Estimation and Forecasting},
	journal ={Econometrica},
	volume ={28},
       number = {4},
	pages={855-865},
	year={1960}
}

@book{Frankel1984tests,
	author={J. A. Frankel},
	title={Tests of Monetary and Portfolio Balance models of Exchange Rate Determination},
	booktitle={Exchange Rate Theory and Practice},
	year={1984},
	pages={239-260},
	publisher={University of Chicago Press},
	editor={Bilson, J.F.O. Marston, R.C.},
}

@book{maureen1998market,
  title={Market Microstructure Theory},
  author={Maureen O'Hara},
  year={1998},
  publisher={Blackwell Business}
}

@article{Lyons1995Microstructure,
	author={R. K. Lyons},
	title={Tests of the microstruture hypothesis in the foreign exchange market},
	journal={Journal of Financial Economics},
	year={1995},
	volume={39},
	pages={321-351},
	number={2-3},
}

@article{Evans2002Order,
	 author = {M. D. Evans and R.K. Lyons},
    	 journal = {The Journal of Political Economy},
           number = {1},
         volume = {10},
          pages = {170--180},
           publisher = {The University of Chicago Press},
              title = {Order Flow and Exchange Rate Dynamics},
          year = {2002},
}

@article{Krugman1978PPP,
	author={P. Krugman}, 
	title={Purchasing power parity and exchange rates: another look at the evidence},
	journal={Journal of International Economics},
	year={1978},
	volume={8},
	pages={397-407},
}

@book{harrod1933international,
  title={International Economics},
  author={Harrod, R.},
  year={1933},
  publisher={Palgrave Macmillan, London}
} 

@article{Taylor2004Purchasing,
	author={A.M. Taylor and M.P. Taylor},
	title={The Purchasing Power Parity Debate},
	year={2004},
	journal={Journal of Economic Perspectives},
	volume = {18},
        number = {4},
	pages = {135-158},
}

@incollection{Froot1995Purchasing,
	author={K. Froot and K. Rogoff},
	title={Perspectives on {PPP} and long-run real exchange rate},
	booktitle={Handbook of International Economics},
	volume={3},
       pages = {1647 - 1688},
       year = {1995},
	editor = {G. M. Grossman and Kenneth Rogoff},
	publisher={Elsevier},
}

@book{Keynes1925Churchill,
	author={John Maynard Keynes},
	title={The Economic Consequences of Mr. Churchill},
	publisher={L. and V. Woolf},
	year={1925},
}

@incollection{Portes2009Global,
	author={Portes, R},
	title={Global Imbalances},
	year={2009},
	booktitle={Macroeconomic Stability and Financial Regulation},
	editor={Dewartipont, M and Xavier Freixas and M. Portes},
}

@article{Obstfeld2009Global,
	author={Obstfeld, M and Rogoff, K},
	year={2009},
	journal={CEPR Discussion Paper},
	title={Global Imbalances and the Financial Crisis: Products of Common Causes},
}

@conference{Eichengreen2006Global,
	author={B. Eichengreen and Yung Churl Park},
	year={2006},
	title={Global imbalances: Implications for {E}merging {A}sia},
	booktitle={presented to the IADB Annual Meetings Seminar},
}
	
@book{Juselius2007Cointegrated,
    author = {Juselius, Katarina},
    edition = {2},
    publisher = {Oxford University Press, USA},
    title = {The Cointegrated {VAR} Model: Methodology and Applications (Advanced Texts in Econometrics)},
    year = {2007},
}

@article{Ahmed1984St,
	author = {Ahmed, Ehsan and Johannes, James M.},
       	journal = {Journal of Money, Credit and Banking},
     	 number = {4},
   	 title = {St. Louis Equation Restrictions and Criticisms Revisited: Note},
   	 volume = {16},
    	year = {1984},
}

@book{IMFBOP,
	year={2001},
	author={IMF},
	publisher={International Monetary Fund}, 
	title={Balance of Payments and International Investment Position Manual},
	edition={sixth},
	URL={http://www.imf.org/external/pubs/ft/bop/2007/bopman6.htm},
}
	
@incollection{Branson1985International,
	author={W. H. Branson and D. Henderson},
	year={1985},
	title={The specification and influence of asset markets},
	booktitle={Handbook of International Economics},
	volume={2},
	editor={R. Jones and P. Kenen},
	publisher={North Holland}
}

@article{Kouri1974International,
    author = {Pentti J.K. Kouri  and M Porter},
    journal = {Journal of Political Economy},
    pages = {443--467},
    title = {International Capital Flows and Portfolio Equilibrium},
    volume = {82},
    year = {1974}
}

@article{Bilson1978Money,
	title={The Monetary Approach to the Exchange Rate},
	author={J.F. Bilson},
	journal={International Monetary Fund Staff Papers},
	volume={25},
	year={1978},
	pages={46-75},
}

@inbook{Frenkel1995Empirical,
	title={Empirical Research on Nominal Exchange Rates},
	booktitle={Handbook of International Economics},
	editor={G. Grossman and K. Rogoff},
	publisher={Elsevier},
	year={1995},
	author={J.A. Frenkel and A. Rose},
}

@article{Mussa1976Money,
	title={The Exchange Rate, the Balance of Payments and Monetary and Fiscal Policy Under a Regime of
	Controlled Floating},
	author={M. Mussa},
	journal={Scandinavian Journal of Economics},
	volume={78},
	pages={229-248},
	year={1976},
}

@article{Frenkel1976Money,
	title={A Monetary Approach to Exchange Rates: Doctrinal Aspects and Empirical Evidence},
	journal={Scandinavian Journal of Economics},
	author={J. A. Frenkel},
	year={1976},
	volume={78},
	pages={200-224},
}
	

@article{Arrow1964securities,
	title={The Role of Securities in the Optimal Allocation of Risk Bearing},
	author={Kenneth J. Arrow},
	year={1964},
	journal={Review of Economic Studies},
	month={April},
	pages={91-96},
}


@article{balassa1964ppp,
	title={The Purchasing Power Parity Doctrin: A Reappraisal},
	author={Bela Balassa},
	journal={Journal of Political Economy},
	year={1964},
	volume={72},
	no={6},
	pages={584-596},
}
	
@article{samuelson1964trade,
	title={Theoretical Notes on Trade Problems},
	author={Paul A. Samuelson},
	year={1964},
	journal={Review of Economics and Statistics},
	volume={46},
	pages={145-154},
}
	
@article{DeGregorio1994International,
	title={International Evidence on Tradables and Nontradables Inflation},
	author={Jose  {De Gregorio} and Alberto Giovannini and Holger C. Wolf},
	journal={European Economic Review},
	year={1994},
	month={June},
	volume={38},
	pages={1325-44},
}

@book{Baumol1966Performing,
	title={Performing Arts: the Economic Dilemma},
	author={William J. Baumol and William G.  Bowen},
	year={1966},
	publisher={Twentieth Century Fund},
}

@article{Cassel1916Present,
	title={The Present Situation of the Foreign Exchanges},
	journal={Economic Journal},
	author={Gustav Cassel},
	year={1916},
	month={March},
          pages={319-323},
          volume={26},
	number={23},
}

@artilcle{Keynes1925Churchill,
	title={The Economic Consequences of Mr. Churchill},
	author={J.M. Keynes},
	year={1925},
	publisher={L and V Woolf},
}

@book{Hull1997Options,
	title={Options, Futures and Other Derivatives},
	author={Hull, John C.},
	publisher={Prentice Hall},
	year={1997},
	ISBN={ISBN 0-13-601589-1},
}

@article{Black1973Options,
	title={The Pricing of Options and Corporate Liabilities},
	author={Black, Fischer and Myron Scholes},
	journal={Journal of Political Economy},
	volume={81},
	journal = {Journal of Political Economy},
       	year = {1973},
      	number = {3},
    	pages = {637-654}, 
}
	
@book{ISDACredit,
	title={2003 ISDA Credit Derivatives Definition},
	author={ISDA},
	publisher={International Securities Dealers Association},
	year={2003}, 
}

@article{HilscherWilson,   
  type={Working Paper Series},
  title={Credit Ratings and Credit Risk},
  author={Hilscher, Jens  and Wilson, Mungo Ivor},
  journal={SSRN eLibrary},
  year={2011},
  publisher={SSRN},
  }

@article{Goodhart1975Monetary,
	author={C.A.E Goodhart},
	title={Monetary Relationships:A View from {T}hreadneedle Street},
	Journal={Papers in Monetary Economics},
	year={1975},
}


@book{Lucas1976Critique,
	author={Robert E. Lucas},
	title={Econometric Policy Evaluation: A Critique},
	booktitle={The Phillips Curve and Labour Markets},
	editor={K. Brunner and A. Meltzer},
	pages={19-46},
	publisher={Carnegie-Rochester Conference Series on Public Policy},
	volume={1},
	year={1976}
}

@article{Gournichas2012Stories, 
	author={Gournichas, Pierre-Olivier and Maurice Obstfeld},
	title={Stories of the Twentieth Century for the Twenty First},
	journal={NBER Working Papers 17252},
	month={August},
	year={2012},
}

@article{Krugman1996Are,
    author = {Krugman, Paul},
    journal = {NBER Macroeconomics Annual},
    pages = {345+},
    title = {Are Currency Crises {Self-Fulfilling}?},
    volume = {11},
    year = {1996},
}

@book{Debreu1959Value,
	author= {Debreu,Gerard},
	title={Theory of Value},
	publisher={Yale University Press},
	year={1959},
}

@article{Arrrow1964Securities,
	author = {Arrow, Kenneth J.},
	journal = {Review of Economic Studies},
	number = {31},
	month = {April},
	title = {The Role of Securities in the Optimal Allocation of Risk Baring},
	pages={91-96},
	year = {1964},
}
	
@book{OandR,
    author = {Obstfeld, Maurice and Rogoff, Kenneth},
    howpublished = {Hardcover},
    isbn = {0262150476},
    month = {Sep},
    publisher = {The MIT Press},
    title = {Foundations of International Macroeconomics},
   year = {1996},
}

@article{Sims1972Money,
    author = {Sims, Christopher A.},
    issn = {00028282},
    journal = {The American Economic Review},
    keywords = {econometrics},
    number = {4},
    pages = {540--552},
    publisher = {American Economic Association},
    title = {Money, Income, and Causality},
    volume = {62},
    year = {1972},
}

@article{Johansen1990Maximum,
    author = {Joen, Soren and Juselius, Katarina},
    journal = {Oxford Bulletin of Economics and Statistics},
    number = {2},
    pages = {169--210},
    publisher = {Blackwell Publishing Ltd},
    title = {Maximum Likelihood Estimation and Inference on Cointegration - with Applications to the demad for money},
    volume = {52},
    year = {1990},
}

@article{Sims1980Macroeconomics,
    	author={Sims, Christopher A.},
    	journal={Econometrica},
    	number={1},
    	title={Macroeconomics and Reality},
    	volume={48},
    	year={1980},
}

@article{Blanchard1989Dynamic,
    author = {Blanchard, Oliver J. and Quah, Danny},
    journal = {American Economic Review},
    month = sep,
    number = {4},
    pages = {655--673},
    title = {The Dynamic Effects of Aggregate Demand and Supply Disturbances},
    volume = {79},
    year = {1989},
}


@article{Blanchard2002Empirical,
    journal = {Quarterly Journal of Economics},
    month = nov,
    number = {4},
    pages = {1329--1368},
    publisher = {MIT Press},
    title = {An Empirical Characterization of the Dynamic Effects of Changes in 
    Government Spending and Taxes on Output},
    volume = {117},
    year = {2002},
}


@article{Quandt2010Old,
    author = {Quandt, R. E.},
    journal = {Metrika},
    keywords = {econometrics, math},
    number = {1},
    pages = {55--82},
    title = {Old and New Methods of Estimation and the Pareto Distribution},
    volume = {10},
    year = {2010},
}


@article{Muth1961Rational,
    author = {Muth, John F.},
    journal = {Econometrica},
    keywords = {behaviour, expectations},
    publisher = {The Econometric Society},
    title = {Rational Expectations and the Theory of Price Movements},
    volume = {29},
    year = {1961}, 
   pages = {315 - 335},
}


@article{Brunnermeier2009Market,
    journal = {Review of Financial Studies},
    month = {Jun},
    number = {6},
    pages = {2201--2238},
    publisher = {Oxford University Press},
    title = {Market Liquidity and Funding Liquidity},
    volume = {22},
    year = {2009},
}

@article{Bernanke1999Chapter,
    journal = {Handbook of Macroeconomics},
    keywords = {bank, bubble, credit},
    pages = {1341--1393},
    title = {Chapter 21 The Financial Accelerator in a Quantitative Business Cycle Framework},
    volume = {1},
    year = {1999},
}


@article{Thaler1988Journal,
    author = {Thaler, Richard H.},
    number = {1},
    pages = {191--202},
    title = {The Journal of Economic Perspectives, Vol. 2, No. 1 (Winter, 1988), pp. 191-202},
    volume = {2},
    year = {1988},
}


@article{Simon1955Behavioural,
    author = {Simon, Herbert H.},
    journal = {The Quarterly Journal of Economics},
    pages = {99--118},
    title = {A Behavioural Model of Rational Choice},
    volume = {69},
    number = {1},
    year = {1955},
}


@article{Frankel1987Using,
    author = {Frankel, Jeffrey A. and Froot, Kenneth A.},
    journal = {The American Economic Review},
    number = {1},
    pages = {133--153},
    publisher = {American Economic Association},
    title = {Using Survey Data to Test Standard Propositions 
    Regarding Exchange Rate Expectations},
    volume = {77},
    year = {1987},
}

@article{Jegadeesh2002Momentum,
    author = {Jegadeesh, Narasimhan and Titman, Sheridan},
    comment = {Key momentum paper - check the journal version. },
    day = {05},
    journal = {Social Science Research Network Working Paper Series},
    month = feb,
    publisher = {SSRN},
    title = {Momentum},
    year = {2002},
}

@article{Frankel1990Exchange,
    author = {J. A. Frankel and K. Froot},
    number = {3470},
    journal = {NBER Working Paper},
    title = {Exchange Rate Forecasting Techniques, Survey Data, and Implications
    for the Foreign Exchange Market},
    year = {1990},
}

@article{Glosten1985Bid,
    author = {Glosten, L.},
    journal = {Journal of Financial Economics},
    keywords = {exchange, microstructure, noise},
     number = {1},
    pages = {71--100},
    title = {Bid, Ask and Transaction Prices in a Specialist Market with 
    Heterogeneously Informed Traders},
    volume = {14},
    year = {1985}
}

@article{Grossman1980Impossibility,
    author = {Grossman, Sanford J. and Joseph E. Stiglitz},
    doi = {10.2307/1805228},
    issn = {00028282},
    journal = {The American Economic Review},
    keywords = {exchange, microstructure},
    number = {3},
    pages = {393--408},
    publisher = {American Economic Association},
    title = {On the Impossibility of Informationally Efficient Markets},
    volume = {70},
    year = {1980},
}


@article{Kyle1985Continuous,
    author = {Kyle, Albert S.},
    doi = {10.2307/1913210},
    journal = {Econometrica},
    keywords = {exchange, finance, information, trading},
    number = {6},
    pages = {1315--1335},
    publisher = {The Econometric Society},
    title = {Continuous Auctions and Insider Trading},
    volume = {53},
    year = {1985},
}


@article{Meese1983Empirical,
    author = {Meese, R. and Rogoff, K.},
    issn = {00221996},
    journal = {Journal of International Economics},
    number = {1-2},
    pages = {3--24},
    title = {Empirical exchange rate models of the seventies Do they fit out of sample?},
    volume = {14},
    year = {1983},
}


@article{DeLong1990Positive,
    journal = {The Journal of Finance},
    author={B. {De Long} and A. Schleifer and L.Summers and R. Waldmann},
    number = {2},
    pages = {379--395},
    title = {Positive Feedback Investment Strategies and
 Destabilizing Rational Speculation},
    volume = {45},
    year = {1990},
}

@book{Lyons2006Microstructure,
    author = {Lyons, Richard K.},
    day = {01},
    publisher = {The MIT Press},
    title = {The Microstructure Approach to Exchange Rates},
    year = {2006},
}

@article{Dornbusch1976Expectations,
    author = {Dornbusch, Rudiger},
    journal = {Journal of Political Economy},
    number = {6},
    pages = {1161--1176},
    title = {Expectations and Exchange Rate Dynamics},
    volume = {84},
    year = {1976},
}
